@article{Kniehl:2008zza,
      author         = "Kniehl, Bernd A. and Kramer, Gustav and Schienbein, Ingo
                        and Spiesberger, Hubert",
      title          = "{Finite-mass effects on inclusive $B$ meson
                        hadroproduction}",
      journal        = "Phys. Rev.",
      volume         = "D77",
      year           = "2008",
      pages          = "014011",
      doi            = "10.1103/PhysRevD.77.014011",
      eprint         = "0705.4392",
      archivePrefix  = "arXiv",
      primaryClass   = "hep-ph",
      reportNumber   = "DESY-07-066, MZ-TH-07-07, LPSC-07-46",
      SLACcitation   = "%%CITATION = ARXIV:0705.4392;%%"
}


@article{Cacciari:2003uh,
      author         = "Cacciari, M. and Frixione, S. and Mangano, M. L. and
                        Nason, P. and Ridolfi, G.",
      title          = "{QCD analysis of first $b$ cross-section data at
                        1.96-TeV}",
      journal        = "JHEP",
      volume         = "07",
      year           = "2004",
      pages          = "033",
      doi            = "10.1088/1126-6708/2004/07/033",
      eprint         = "hep-ph/0312132",
      archivePrefix  = "arXiv",
      primaryClass   = "hep-ph",
      reportNumber   = "CERN-TH-2003-298, BICOCCA-FT-03-33, GEF-TH-14-2003,
                        UPRF-2003-31",
      SLACcitation   = "%%CITATION = HEP-PH/0312132;%%"
}


@article{Kniehl:2005mk,
      author         = "Kniehl, B. A. and Kramer, G. and Schienbein, I. and
                        Spiesberger, H.",
      title          = "{Collinear subtractions in hadroproduction of heavy
                        quarks}",
      journal        = "Eur. Phys. J.",
      volume         = "C41",
      year           = "2005",
      pages          = "199-212",
      doi            = "10.1140/epjc/s2005-02200-7",
      eprint         = "hep-ph/0502194",
      archivePrefix  = "arXiv",
      primaryClass   = "hep-ph",
      reportNumber   = "DESY-05-030, MZ-TH-05-04",
      SLACcitation   = "%%CITATION = HEP-PH/0502194;%%"
}


@article{Cacciari:2003zu,
      author         = "Cacciari, Matteo and Nason, Paolo",
      title          = "{Charm cross-sections for the Tevatron Run II}",
      journal        = "JHEP",
      volume         = "09",
      year           = "2003",
      pages          = "006",
      doi            = "10.1088/1126-6708/2003/09/006",
      eprint         = "hep-ph/0306212",
      archivePrefix  = "arXiv",
      primaryClass   = "hep-ph",
      reportNumber   = "UPRF-2003-10, BICOCCA-FT-03-14",
      SLACcitation   = "%%CITATION = HEP-PH/0306212;%%"
}

@article{Ferreiro:2012fb,
    author = "Ferreiro, E. G. and Pajares, C.",
    title = "{High multiplicity $pp$ events and $J/\psi$ production at LHC}",
    eprint = "1203.5936",
    archivePrefix = "arXiv",
    primaryClass = "hep-ph",
    doi = "10.1103/PhysRevC.86.034903",
    journal = "Phys. Rev. C",
    volume = "86",
    pages = "034903",
    year = "2012"
}

@article{Werner:2013tya,
    author = "Werner, K. and Guiot, B. and Karpenko, Iu. and Pierog, T.",
    title = "{Analysing radial flow features in p-Pb and p-p collisions at several TeV by studying identified particle production in EPOS3}",
    eprint = "1312.1233",
    archivePrefix = "arXiv",
    primaryClass = "nucl-th",
    doi = "10.1103/PhysRevC.89.064903",
    journal = "Phys. Rev. C",
    volume = "89",
    number = "6",
    pages = "064903",
    year = "2014"
}

@article{Kopeliovich:2013yfa,
    author = "Kopeliovich, B. Z. and Pirner, H. J. and Potashnikova, I. K. and Reygers, K. and Schmidt, Iv\'an",
    title = "{J/\ensuremath{\psi} in high-multiplicity pp collisions: Lessons from pA collisions}",
    eprint = "1308.3638",
    archivePrefix = "arXiv",
    primaryClass = "hep-ph",
    reportNumber = "USM-TH-314",
    doi = "10.1103/PhysRevD.88.116002",
    journal = "Phys. Rev. D",
    volume = "88",
    number = "11",
    pages = "116002",
    year = "2013"
}


@article{Ma:2018bax,
    author = "Ma, Yan-Qing and Tribedy, Prithwish and Venugopalan, Raju and Watanabe, Kazuhiro",
    title = "{Event engineering studies for heavy flavor production and hadronization in high multiplicity hadron-hadron and hadron-nucleus collisions}",
    eprint = "1803.11093",
    archivePrefix = "arXiv",
    primaryClass = "hep-ph",
    reportNumber = "JLAB-THY-18-2676",
    doi = "10.1103/PhysRevD.98.074025",
    journal = "Phys. Rev. D",
    volume = "98",
    number = "7",
    pages = "074025",
    year = "2018"
}

@article{Weber:2018ddv,
    author = "Weber, S.G. and Dubla, A. and Andronic, A. and Morsch, A.",
    title = "{Elucidating the multiplicity dependence of $\mathrm {J}/\psi $ production in proton--proton collisions with PYTHIA8}",
    eprint = "1811.07744",
    archivePrefix = "arXiv",
    primaryClass = "nucl-th",
    doi = "10.1140/epjc/s10052-018-6531-4",
    journal = "Eur. Phys. J. C",
    volume = "79",
    number = "1",
    pages = "36",
    year = "2019"
}

@article{Karsch:2006xs,
      author         = "Karsch, Frithjof",
      title          = "{Lattice simulations of the thermodynamics of strongly
                        interacting elementary particles and the exploration of
                        new phases of matter in relativistic heavy ion
                        collisions}",
      booktitle      = "{Proceedings, Scientific Discovery through Advanced
                        Computing (SciDAC 2006): Denver, Colorado, June 25-30,
                        2006}",
      journal        = "J. Phys. Conf. Ser.",
      volume         = "46",
      year           = "2006",
      pages          = "122-131",
      doi            = "10.1088/1742-6596/46/1/017",
      eprint         = "hep-lat/0608003",
      archivePrefix  = "arXiv",
      primaryClass   = "hep-lat",
      reportNumber   = "BNL-NT-06-26",
      SLACcitation   = "%%CITATION = HEP-LAT/0608003;%%"
}


@article{Borsanyi:2010cj,
      author         = "Borsanyi, Szabolcs and Endrodi, Gergely and Fodor, Zoltan
                        and Jakovac, Antal and Katz, Sandor D. and Krieg, Stefan
                        and Ratti, Claudia and Szabo, Kalman K.",
      title          = "{The QCD equation of state with dynamical quarks}",
      journal        = "JHEP",
      volume         = "11",
      year           = "2010",
      pages          = "077",
      doi            = "10.1007/JHEP11(2010)077",
      eprint         = "1007.2580",
      archivePrefix  = "arXiv",
      primaryClass   = "hep-lat",
      reportNumber   = "WUB-10-12",
      SLACcitation   = "%%CITATION = ARXIV:1007.2580;%%"
}


@article{Bazavov:2011nk,
      author         = "Bazavov, A. and others",
      title          = "{The chiral and deconfinement aspects of the QCD
                        transition}",
      journal        = "Phys. Rev.",
      volume         = "D85",
      year           = "2012",
      pages          = "054503",
      doi            = "10.1103/PhysRevD.85.054503",
      eprint         = "1111.1710",
      archivePrefix  = "arXiv",
      primaryClass   = "hep-lat",
      SLACcitation   = "%%CITATION = ARXIV:1111.1710;%%"
}


@article{ALICE:2012ab,
      author         = "Abelev, Betty and others",
      title          = "{Suppression of high transverse momentum D mesons in
                        central Pb-Pb collisions at $\sqrt{s_{NN}}=2.76$ TeV}",
      collaboration  = "ALICE",
      journal        = "JHEP",
      volume         = "09",
      year           = "2012",
      pages          = "112",
      doi            = "10.1007/JHEP09(2012)112",
      eprint         = "1203.2160",
      archivePrefix  = "arXiv",
      primaryClass   = "nucl-ex",
      reportNumber   = "CERN-PH-EP-2012-069",
      SLACcitation   = "%%CITATION = ARXIV:1203.2160;%%"
}


@article{Abelev:2012qh,
      author         = "Abelev, Betty and others",
      title          = "{Production of muons from heavy flavour decays at forward
                        rapidity in pp and Pb-Pb collisions at $\sqrt {s_{NN}}$ =
                        2.76 TeV}",
      collaboration  = "ALICE",
      journal        = "Phys. Rev. Lett.",
      volume         = "109",
      year           = "2012",
      pages          = "112301",
      doi            = "10.1103/PhysRevLett.109.112301",
      eprint         = "1205.6443",
      archivePrefix  = "arXiv",
      primaryClass   = "hep-ex",
      reportNumber   = "CERN-PH-EP-2012-155",
      SLACcitation   = "%%CITATION = ARXIV:1205.6443;%%"
}


@article{Adam:2015nna,
      author         = "Adam, Jaroslav and others",
      title          = "{Centrality dependence of high-p$_{T}$ D meson
                        suppression in Pb-Pb collisions at $
                        \sqrt{s_{\mathrm{N}\mathrm{N}}}=2.76 $ TeV}",
      collaboration  = "ALICE",
      journal        = "JHEP",
      volume         = "11",
      year           = "2015",
      pages          = "205",
      doi            = "10.1007/JHEP11(2015)205, 10.1007/JHEP06(2017)032",
      note           = "[Addendum: JHEP06,032(2017)]",
      eprint         = "1506.06604",
      archivePrefix  = "arXiv",
      primaryClass   = "nucl-ex",
      reportNumber   = "CERN-PH-EP-2015-151",
      SLACcitation   = "%%CITATION = ARXIV:1506.06604;%%"
}


@article{Adam:2016khe,
      author         = "Adam, Jaroslav and others",
      title          = "{Measurement of the production of high-$p_{\rm T}$
                        electrons from heavy-flavour hadron decays in Pb-Pb
                        collisions at $\mathbf{\sqrt{\it s_{\rm{NN}}}}$ = 2.76
                        TeV}",
      collaboration  = "ALICE",
      journal        = "Phys. Lett.",
      volume         = "B771",
      year           = "2017",
      pages          = "467-481",
      doi            = "10.1016/j.physletb.2017.05.060",
      eprint         = "1609.07104",
      archivePrefix  = "arXiv",
      primaryClass   = "nucl-ex",
      reportNumber   = "CERN-EP-2016-235",
      SLACcitation   = "%%CITATION = ARXIV:1609.07104;%%"
}


@article{Sirunyan:2017xss,
      author         = "Sirunyan, Albert M and others",
      title          = "{Nuclear modification factor of D$^0$ mesons in PbPb
                        collisions at  $\sqrt{s_\mathrm{NN}} = 5.02$ TeV}",
      collaboration  = "CMS",
      journal        = "Phys. Lett.",
      volume         = "B782",
      year           = "2018",
      pages          = "474-496",
      doi            = "10.1016/j.physletb.2018.05.074",
      eprint         = "1708.04962",
      archivePrefix  = "arXiv",
      primaryClass   = "nucl-ex",
      reportNumber   = "CMS-HIN-16-001, CERN-EP-2017-186",
      SLACcitation   = "%%CITATION = ARXIV:1708.04962;%%"
}
@article{Acharya:2020lgn,
    author = "Acharya, Shreyasi and others",
    collaboration = "ALICE",
    title = "{Inclusive heavy-flavour production at central and forward rapidity in Xe-Xe collisions at $\sqrt{s_{\rm NN}}=5.44$ TeV}",
    eprint = "2011.06970",
    archivePrefix = "arXiv",
    primaryClass = "nucl-ex",
    reportNumber = "CERN-EP-2020-208",
    month = "11",
    year = "2020"
}


%%% contains utf-8, see: https://old.inspirehep.net/info/faq/general#utf8
%%% add \usepackage[utf8]{inputenc} to your latex preamble

@article{Abelev:2012pi,
      author         = "Abelev, Betty and others",
      title          = "{Heavy flavour decay muon production at forward rapidity
                        in proton–proton collisions at $\sqrt{s} =$ 7 TeV}",
      collaboration  = "ALICE",
      journal        = "Phys. Lett.",
      volume         = "B708",
      year           = "2012",
      pages          = "265-275",
      doi            = "10.1016/j.physletb.2012.01.063",
      eprint         = "1201.3791",
      archivePrefix  = "arXiv",
      primaryClass   = "hep-ex",
      reportNumber   = "CERN-PH-EP-2011-215",
      SLACcitation   = "%%CITATION = ARXIV:1201.3791;%%"
}


@article{Abelev:2012vra,
      author         = "Abelev, Betty and others",
      title          = "{Measurement of charm production at central rapidity in
                        proton-proton collisions at $\sqrt{s}=2.76$ TeV}",
      collaboration  = "ALICE",
      journal        = "JHEP",
      volume         = "07",
      year           = "2012",
      pages          = "191",
      doi            = "10.1007/JHEP07(2012)191",
      eprint         = "1205.4007",
      archivePrefix  = "arXiv",
      primaryClass   = "hep-ex",
      reportNumber   = "CERN-PH-EP-2012-133",
      SLACcitation   = "%%CITATION = ARXIV:1205.4007;%%"
}


@article{Abelev:2012xe,
      author         = "Abelev, Betty and others",
      title          = "{Measurement of electrons from semileptonic heavy-flavour
                        hadron decays in pp collisions at \sqrt{s} = 7 TeV}",
      collaboration  = "ALICE",
      journal        = "Phys. Rev.",
      volume         = "D86",
      year           = "2012",
      pages          = "112007",
      doi            = "10.1103/PhysRevD.86.112007",
      eprint         = "1205.5423",
      archivePrefix  = "arXiv",
      primaryClass   = "hep-ex",
      reportNumber   = "CERN-PH-EP-2012-131",
      SLACcitation   = "%%CITATION = ARXIV:1205.5423;%%"
}


@article{Aaij:2016jht,
      author         = "Aaij, Roel and others",
      title          = "{Measurements of prompt charm production cross-sections
                        in pp collisions at $ \sqrt{s}=5 $ TeV}",
      collaboration  = "LHCb",
      journal        = "JHEP",
      volume         = "06",
      year           = "2017",
      pages          = "147",
      doi            = "10.1007/JHEP06(2017)147",
      eprint         = "1610.02230",
      archivePrefix  = "arXiv",
      primaryClass   = "hep-ex",
      reportNumber   = "CERN-EP-2016-244, LHCB-PAPER-2016-042",
      SLACcitation   = "%%CITATION = ARXIV:1610.02230;%%"
}


@inproceedings{Kniehl:2008eu,
      author         = "Kniehl, Bernd A.",
      title          = "{Inclusive production of heavy-flavored hadrons at NLO in
                        the GM-VFNS}",
      booktitle      = "{Proceedings, 16th International Workshop on Deep
                        Inelastic Scattering and Related Subjects (DIS 2008):
                        London, UK, April 7-11, 2008}",
      year           = "2008",
      pages          = "195",
      doi            = "10.3360/dis.2008.195",
      eprint         = "0807.2215",
      archivePrefix  = "arXiv",
      primaryClass   = "hep-ph",
      SLACcitation   = "%%CITATION = ARXIV:0807.2215;%%"
}


@article{Kniehl:2011bk,
      author         = "Kniehl, B. A. and Kramer, G. and Schienbein, I. and
                        Spiesberger, H.",
      title          = "{Inclusive B-Meson Production at the LHC in the GM-VFN
                        Scheme}",
      journal        = "Phys. Rev.",
      volume         = "D84",
      year           = "2011",
      pages          = "094026",
      doi            = "10.1103/PhysRevD.84.094026",
      eprint         = "1109.2472",
      archivePrefix  = "arXiv",
      primaryClass   = "hep-ph",
      reportNumber   = "DESY-11-158, MZ-TH-11-23",
      SLACcitation   = "%%CITATION = ARXIV:1109.2472;%%"
}


@article{Cacciari:2012ny,
      author         = "Cacciari, Matteo and Frixione, Stefano and Houdeau,
                        Nicolas and Mangano, Michelangelo L. and Nason, Paolo and
                        Ridolfi, Giovanni",
      title          = "{Theoretical predictions for charm and bottom production
                        at the LHC}",
      journal        = "JHEP",
      volume         = "10",
      year           = "2012",
      pages          = "137",
      doi            = "10.1007/JHEP10(2012)137",
      eprint         = "1205.6344",
      archivePrefix  = "arXiv",
      primaryClass   = "hep-ph",
      reportNumber   = "CERN-PH-TH-2011-227",
      SLACcitation   = "%%CITATION = ARXIV:1205.6344;%%"
}


@article{Maciula:2013oba,
      author         = "Maciula, Rafal and Szczurek, Antoni",
      title          = "{Charmed mesons and leptons from semileptonic decays at
                        the LHC}",
      booktitle      = "{Proceedings, 21st International Workshop on
                        Deep-Inelastic Scattering and Related Subjects (DIS 2013):
                        Marseilles, France, April 22-26, 2013}",
      journal        = "PoS",
      volume         = "DIS2013",
      year           = "2013",
      pages          = "169",
      doi            = "10.22323/1.191.0169",
      eprint         = "1306.6808",
      archivePrefix  = "arXiv",
      primaryClass   = "hep-ph",
      SLACcitation   = "%%CITATION = ARXIV:1306.6808;%%"
}


@article{Abelev:2012gx,
      author         = "Abelev, Betty and others",
      title          = "{Measurement of prompt $J/\psi$ and beauty hadron
                        production cross sections at mid-rapidity in $pp$
                        collisions at $\sqrt{s} = 7$ TeV}",
      collaboration  = "ALICE",
      journal        = "JHEP",
      volume         = "11",
      year           = "2012",
      pages          = "065",
      doi            = "10.1007/JHEP11(2012)065",
      eprint         = "1205.5880",
      archivePrefix  = "arXiv",
      primaryClass   = "hep-ex",
      reportNumber   = "CERN-PH-EP-2012-132",
      SLACcitation   = "%%CITATION = ARXIV:1205.5880;%%"
}


@article{Adam:2016wyz,
      author         = "Adam, Jaroslav and others",
      title          = "{Measurement of electrons from beauty-hadron decays in
                        p-Pb collisions at $ \sqrt{s_{\mathrm{NN}}}=5.02 $ TeV and
                        Pb-Pb collisions at $ \sqrt{s_{\mathrm{NN}}}=2.76 $ TeV}",
      collaboration  = "ALICE",
      journal        = "JHEP",
      volume         = "07",
      year           = "2017",
      pages          = "052",
      doi            = "10.1007/JHEP07(2017)052",
      eprint         = "1609.03898",
      archivePrefix  = "arXiv",
      primaryClass   = "nucl-ex",
      reportNumber   = "CERN-EP-2016-222",
      SLACcitation   = "%%CITATION = ARXIV:1609.03898;%%"
}


@article{ATLAS:2013cia,
      author         = "Aad, Georges and others",
      title          = "{Measurement of the differential cross-section of $B^{+}$
                        meson production in pp collisions at $\sqrt{s}$ = 7 TeV at
                        ATLAS}",
      collaboration  = "ATLAS",
      journal        = "JHEP",
      volume         = "10",
      year           = "2013",
      pages          = "042",
      doi            = "10.1007/JHEP10(2013)042",
      eprint         = "1307.0126",
      archivePrefix  = "arXiv",
      primaryClass   = "hep-ex",
      reportNumber   = "CERN-PH-EP-2013-089",
      SLACcitation   = "%%CITATION = ARXIV:1307.0126;%%"
}


@article{Khachatryan:2010yr,
      author         = "Khachatryan, Vardan and others",
      title          = "{Prompt and Non-Prompt $J/\psi$ Production in $pp$
                        Collisions at $\sqrt{s}=7$ TeV}",
      collaboration  = "CMS",
      journal        = "Eur. Phys. J.",
      volume         = "C71",
      year           = "2011",
      pages          = "1575",
      doi            = "10.1140/epjc/s10052-011-1575-8",
      eprint         = "1011.4193",
      archivePrefix  = "arXiv",
      primaryClass   = "hep-ex",
      reportNumber   = "CERN-PH-EP-2010-046, CMS-BPH-10-002",
      SLACcitation   = "%%CITATION = ARXIV:1011.4193;%%"
}


@article{Aaij:2010gn,
      author         = "Aaij, R. and others",
      title          = "{Measurement of $\sigma(pp \to b \bar{b} X)$ at
                        $\sqrt{s}=7~\rm{TeV}$ in the forward region}",
      collaboration  = "LHCb",
      journal        = "Phys. Lett.",
      volume         = "B694",
      year           = "2010",
      pages          = "209-216",
      doi            = "10.1016/j.physletb.2010.10.010",
      eprint         = "1009.2731",
      archivePrefix  = "arXiv",
      primaryClass   = "hep-ex",
      reportNumber   = "CERN-PH-EP-2010-029, LHCb-PAPER-2010-002",
      SLACcitation   = "%%CITATION = ARXIV:1009.2731;%%"
}


@article{Kniehl:2005ej,
      author         = "Kniehl, B. A. and Kramer, G. and Schienbein, I. and
                        Spiesberger, H.",
      title          = "{Reconciling open charm production at the Fermilab
                        Tevatron with QCD}",
      journal        = "Phys. Rev. Lett.",
      volume         = "96",
      year           = "2006",
      pages          = "012001",
      doi            = "10.1103/PhysRevLett.96.012001",
      eprint         = "hep-ph/0508129",
      archivePrefix  = "arXiv",
      primaryClass   = "hep-ph",
      reportNumber   = "DESY-05-146, MZ-TH-05-16",
      SLACcitation   = "%%CITATION = HEP-PH/0508129;%%"
}


@article{Maciula:2013wg,
      author         = "Maciula, Rafal and Szczurek, Antoni",
      title          = "{Open charm production at the LHC - $k_{t}$-factorization
                        approach}",
      journal        = "Phys. Rev.",
      volume         = "D87",
      year           = "2013",
      number         = "9",
      pages          = "094022",
      doi            = "10.1103/PhysRevD.87.094022",
      eprint         = "1301.3033",
      archivePrefix  = "arXiv",
      primaryClass   = "hep-ph",
      SLACcitation   = "%%CITATION = ARXIV:1301.3033;%%"
}


@article{Abelev:2012sca,
      author         = "Abelev, Betty and others",
      title          = "{Measurement of electrons from beauty hadron decays in
                        $pp$ collisions at $\sqrt{s}=7$ TeV}",
      collaboration  = "ALICE",
      journal        = "Phys. Lett.",
      volume         = "B721",
      year           = "2013",
      pages          = "13-23",
      doi            = "10.1016/j.physletb.2016.10.004,
                        10.1016/j.physletb.2013.01.069",
      note           = "[Erratum: Phys. Lett.B763,507(2016)]",
      eprint         = "1208.1902",
      archivePrefix  = "arXiv",
      primaryClass   = "hep-ex",
      reportNumber   = "CERN-PH-EP-2012-229",
      SLACcitation   = "%%CITATION = ARXIV:1208.1902;%%"
}


@article{Eskola:2009uj,
      author         = "Eskola, K. J. and Paukkunen, H. and Salgado, C. A.",
      title          = "{EPS09: A New Generation of NLO and LO Nuclear Parton
                        Distribution Functions}",
      journal        = "JHEP",
      volume         = "04",
      year           = "2009",
      pages          = "065",
      doi            = "10.1088/1126-6708/2009/04/065",
      eprint         = "0902.4154",
      archivePrefix  = "arXiv",
      primaryClass   = "hep-ph",
      SLACcitation   = "%%CITATION = ARXIV:0902.4154;%%"
}


@article{deFlorian:2003qf,
      author         = "de Florian, D. and Sassot, R.",
      title          = "{Nuclear parton distributions at next-to-leading order}",
      journal        = "Phys. Rev.",
      volume         = "D69",
      year           = "2004",
      pages          = "074028",
      doi            = "10.1103/PhysRevD.69.074028",
      eprint         = "hep-ph/0311227",
      archivePrefix  = "arXiv",
      primaryClass   = "hep-ph",
      SLACcitation   = "%%CITATION = HEP-PH/0311227;%%"
}


@article{Hirai:2007sx,
      author         = "Hirai, M. and Kumano, S. and Nagai, T. -H.",
      title          = "{Determination of nuclear parton distribution functions
                        and their uncertainties in next-to-leading order}",
      journal        = "Phys. Rev.",
      volume         = "C76",
      year           = "2007",
      pages          = "065207",
      doi            = "10.1103/PhysRevC.76.065207",
      eprint         = "0709.3038",
      archivePrefix  = "arXiv",
      primaryClass   = "hep-ph",
      reportNumber   = "KEK-TH-1013",
      SLACcitation   = "%%CITATION = ARXIV:0709.3038;%%"
}


@article{Fujii:2013yja,
      author         = "Fujii, Hirotsugu and Watanabe, Kazuhiro",
      title          = "{Heavy quark pair production in high energy pA
                        collisions: Open heavy flavors}",
      journal        = "Nucl. Phys.",
      volume         = "A920",
      year           = "2013",
      pages          = "78-93",
      doi            = "10.1016/j.nuclphysa.2013.10.006",
      eprint         = "1308.1258",
      archivePrefix  = "arXiv",
      primaryClass   = "hep-ph",
      reportNumber   = "UT-KOMABA-13-9",
      SLACcitation   = "%%CITATION = ARXIV:1308.1258;%%"
}


@article{Tribedy:2011aa,
    author = "Tribedy, Prithwish and Venugopalan, Raju",
    title = "{QCD saturation at the LHC: Comparisons of models to p + p and A + A data and predictions for p + Pb collisions}",
    eprint = "1112.2445",
    archivePrefix = "arXiv",
    primaryClass = "hep-ph",
    doi = "10.1016/j.physletb.2012.02.047",
    journal = "Phys. Lett. B",
    volume = "710",
    pages = "125--133",
    year = "2012",
    note = "[Erratum: Phys.Lett.B 718, 1154--1154 (2013)]"
}



@article{Albacete:2012xq,
      author         = "Albacete, Javier L. and Dumitru, Adrian and Fujii,
                        Hirotsugu and Nara, Yasushi",
      title          = "{CGC predictions for p + Pb collisions at the LHC}",
      journal        = "Nucl. Phys.",
      volume         = "A897",
      year           = "2013",
      pages          = "1-27",
      doi            = "10.1016/j.nuclphysa.2012.09.012",
      eprint         = "1209.2001",
      archivePrefix  = "arXiv",
      primaryClass   = "hep-ph",
      SLACcitation   = "%%CITATION = ARXIV:1209.2001;%%"
}


@article{Rezaeian:2012ye,
      author         = "Rezaeian, Amir H.",
      title          = "{CGC predictions for p+A collisions at the LHC and
                        signature of QCD saturation}",
      journal        = "Phys. Lett.",
      volume         = "B718",
      year           = "2013",
      pages          = "1058-1069",
      doi            = "10.1016/j.physletb.2012.11.066",
      eprint         = "1210.2385",
      archivePrefix  = "arXiv",
      primaryClass   = "hep-ph",
      SLACcitation   = "%%CITATION = ARXIV:1210.2385;%%"
}


@article{Lev:1983hh,
      author         = "Lev, M. and Petersson, B.",
      title          = "{Nuclear Effects at Large Transverse Momentum in a {QCD}
                        Parton Model}",
      journal        = "Z. Phys.",
      volume         = "C21",
      year           = "1983",
      pages          = "155",
      doi            = "10.1007/BF01648792",
      reportNumber   = "BI-TP-83-08",
      SLACcitation   = "%%CITATION = ZEPYA,C21,155;%%"
}


@article{Kopeliovich:2002yh,
      author         = "Kopeliovich, B. Z. and Nemchik, J. and Schafer, A. and
                        Tarasov, A. V.",
      title          = "{Cronin effect in hadron production off nuclei}",
      journal        = "Phys. Rev. Lett.",
      volume         = "88",
      year           = "2002",
      pages          = "232303",
      doi            = "10.1103/PhysRevLett.88.232303",
      eprint         = "hep-ph/0201010",
      archivePrefix  = "arXiv",
      primaryClass   = "hep-ph",
      SLACcitation   = "%%CITATION = HEP-PH/0201010;%%"
}


@article{Vitev:2007ve,
      author         = "Vitev, Ivan",
      title          = "{Non-Abelian energy loss in cold nuclear matter}",
      journal        = "Phys. Rev.",
      volume         = "C75",
      year           = "2007",
      pages          = "064906",
      doi            = "10.1103/PhysRevC.75.064906",
      eprint         = "hep-ph/0703002",
      archivePrefix  = "arXiv",
      primaryClass   = "hep-ph",
      reportNumber   = "LA-UR-07-1216",
      SLACcitation   = "%%CITATION = HEP-PH/0703002;%%"
}


@article{Adam:2015qda,
      author         = "Adam, Jaroslav and others",
      title          = "{Measurement of electrons from heavy-flavour hadron
                        decays in p-Pb collisions at $\sqrt{s_{\rm NN}} =$ 5.02
                        TeV}",
      collaboration  = "ALICE",
      journal        = "Phys. Lett.",
      volume         = "B754",
      year           = "2016",
      pages          = "81-93",
      doi            = "10.1016/j.physletb.2015.12.067",
      eprint         = "1509.07491",
      archivePrefix  = "arXiv",
      primaryClass   = "nucl-ex",
      reportNumber   = "CERN-PH-EP-2015-262",
      SLACcitation   = "%%CITATION = ARXIV:1509.07491;%%"
}


@article{Abelev:2014hha,
      author         = "Abelev, Betty Bezverkhny and others",
      title          = "{Measurement of prompt $D$-meson production in $p-Pb$
                        collisions at $\sqrt{s_{NN}}$ = 5.02 TeV}",
      collaboration  = "ALICE",
      journal        = "Phys. Rev. Lett.",
      volume         = "113",
      year           = "2014",
      number         = "23",
      pages          = "232301",
      doi            = "10.1103/PhysRevLett.113.232301",
      eprint         = "1405.3452",
      archivePrefix  = "arXiv",
      primaryClass   = "nucl-ex",
      reportNumber   = "CERN-PH-EP-2014-090, CERN-PH-EP-2014-90,
                        ALICE-PUBLIC-2015-001",
      SLACcitation   = "%%CITATION = ARXIV:1405.3452;%%"
}


@article{Acharya:2018dxy,
      author         = "Acharya, Shreyasi and others",
      title          = "{Azimuthal Anisotropy of Heavy-Flavor Decay Electrons in
                        $p$-Pb Collisions at $ \sqrt{s_{\rm NN}}$ = 5.02 TeV}",
      collaboration  = "ALICE",
      journal        = "Phys. Rev. Lett.",
      volume         = "122",
      year           = "2019",
      number         = "7",
      pages          = "072301",
      doi            = "10.1103/PhysRevLett.122.072301",
      eprint         = "1805.04367",
      archivePrefix  = "arXiv",
      primaryClass   = "nucl-ex",
      reportNumber   = "CERN-EP-2018-119",
      SLACcitation   = "%%CITATION = ARXIV:1805.04367;%%"
}


@article{Abelev:2012ola,
      author         = "Abelev, Betty and others",
      title          = "{Long-range angular correlations on the near and away
                        side in $p$-Pb collisions at $\sqrt{s_{NN}}=5.02$ TeV}",
      collaboration  = "ALICE",
      journal        = "Phys. Lett.",
      volume         = "B719",
      year           = "2013",
      pages          = "29-41",
      doi            = "10.1016/j.physletb.2013.01.012",
      eprint         = "1212.2001",
      archivePrefix  = "arXiv",
      primaryClass   = "nucl-ex",
      reportNumber   = "CERN-PH-EP-2012-359",
      SLACcitation   = "%%CITATION = ARXIV:1212.2001;%%"
}


@article{Aaboud:2016yar,
      author         = "Aaboud, Morad and others",
      title          = "{Measurements of long-range azimuthal anisotropies and
                        associated Fourier coefficients for $pp$ collisions at
                        $\sqrt{s}=5.02$ and $13$ TeV and $p$+Pb collisions at
                        $\sqrt{s_{\mathrm{NN}}}=5.02$ TeV with the ATLAS
                        detector}",
      collaboration  = "ATLAS",
      journal        = "Phys. Rev.",
      volume         = "C96",
      year           = "2017",
      number         = "2",
      pages          = "024908",
      doi            = "10.1103/PhysRevC.96.024908",
      eprint         = "1609.06213",
      archivePrefix  = "arXiv",
      primaryClass   = "nucl-ex",
      reportNumber   = "CERN-EP-2016-200",
      SLACcitation   = "%%CITATION = ARXIV:1609.06213;%%"
}


@article{Chatrchyan:2013nka,
      author         = "Chatrchyan, Serguei and others",
      title          = "{Multiplicity and Transverse Momentum Dependence of Two-
                        and Four-Particle Correlations in pPb and PbPb
                        Collisions}",
      collaboration  = "CMS",
      journal        = "Phys. Lett.",
      volume         = "B724",
      year           = "2013",
      pages          = "213-240",
      doi            = "10.1016/j.physletb.2013.06.028",
      eprint         = "1305.0609",
      archivePrefix  = "arXiv",
      primaryClass   = "nucl-ex",
      reportNumber   = "CMS-HIN-13-002, CERN-PH-EP-2013-077",
      SLACcitation   = "%%CITATION = ARXIV:1305.0609;%%"
}


@article{ABELEV:2013wsa,
      author         = "Abelev, Betty Bezverkhny and others",
      title          = "{Long-range angular correlations of $\rm \pi$, K and p in
                        p-Pb collisions at $\sqrt{s_{\rm NN}}$ = 5.02 TeV}",
      collaboration  = "ALICE",
      journal        = "Phys. Lett.",
      volume         = "B726",
      year           = "2013",
      pages          = "164-177",
      doi            = "10.1016/j.physletb.2013.08.024",
      eprint         = "1307.3237",
      archivePrefix  = "arXiv",
      primaryClass   = "nucl-ex",
      reportNumber   = "CERN-PH-EP-2013-115",
      SLACcitation   = "%%CITATION = ARXIV:1307.3237;%%"
}


@article{Khachatryan:2014jra,
      author         = "Khachatryan, Vardan and others",
      title          = "{Long-range two-particle correlations of strange hadrons
                        with charged particles in pPb and PbPb collisions at LHC
                        energies}",
      collaboration  = "CMS",
      journal        = "Phys. Lett.",
      volume         = "B742",
      year           = "2015",
      pages          = "200-224",
      doi            = "10.1016/j.physletb.2015.01.034",
      eprint         = "1409.3392",
      archivePrefix  = "arXiv",
      primaryClass   = "nucl-ex",
      reportNumber   = "CMS-HIN-14-002, CERN-PH-EP-2014-212",
      SLACcitation   = "%%CITATION = ARXIV:1409.3392;%%"
}


@article{Adare:2013piz,
      author         = "Adare, A. and others",
      title          = "{Quadrupole Anisotropy in Dihadron Azimuthal Correlations
                        in Central $d$$+$Au Collisions at $\sqrt{s_{_{NN}}}$=200
                        GeV}",
      collaboration  = "PHENIX",
      journal        = "Phys. Rev. Lett.",
      volume         = "111",
      year           = "2013",
      number         = "21",
      pages          = "212301",
      doi            = "10.1103/PhysRevLett.111.212301",
      eprint         = "1303.1794",
      archivePrefix  = "arXiv",
      primaryClass   = "nucl-ex",
      SLACcitation   = "%%CITATION = ARXIV:1303.1794;%%"
}


@article{Adamczyk:2015xjc,
      author         = "Adamczyk, L. and others",
      title          = "{Long-range pseudorapidity dihadron correlations in
                        $d$+Au collisions at $\sqrt{s_{\rm NN}}=200$ GeV}",
      collaboration  = "STAR",
      journal        = "Phys. Lett.",
      volume         = "B747",
      year           = "2015",
      pages          = "265-271",
      doi            = "10.1016/j.physletb.2015.05.075",
      eprint         = "1502.07652",
      archivePrefix  = "arXiv",
      primaryClass   = "nucl-ex",
      SLACcitation   = "%%CITATION = ARXIV:1502.07652;%%"
}


@article{Adare:2015ctn,
      author         = "Adare, A. and others",
      title          = "{Measurements of elliptic and triangular flow in
                        high-multiplicity $^{3}$He$+$Au collisions at
                        $\sqrt{s_{_{NN}}}=200$ GeV}",
      collaboration  = "PHENIX",
      journal        = "Phys. Rev. Lett.",
      volume         = "115",
      year           = "2015",
      number         = "14",
      pages          = "142301",
      doi            = "10.1103/PhysRevLett.115.142301",
      eprint         = "1507.06273",
      archivePrefix  = "arXiv",
      primaryClass   = "nucl-ex",
      SLACcitation   = "%%CITATION = ARXIV:1507.06273;%%"
}


@article{Khachatryan:2010gv,
      author         = "Khachatryan, Vardan and others",
      title          = "{Observation of Long-Range Near-Side Angular Correlations
                        in Proton-Proton Collisions at the LHC}",
      collaboration  = "CMS",
      journal        = "JHEP",
      volume         = "09",
      year           = "2010",
      pages          = "091",
      doi            = "10.1007/JHEP09(2010)091",
      eprint         = "1009.4122",
      archivePrefix  = "arXiv",
      primaryClass   = "hep-ex",
      reportNumber   = "CMS-QCD-10-002, CERN-PH-EP-2010-031",
      SLACcitation   = "%%CITATION = ARXIV:1009.4122;%%"
}


@article{Werner:2010ss,
      author         = "Werner, K. and Karpenko, Iu. and Pierog, T.",
      title          = "{The 'Ridge' in Proton-Proton Scattering at 7 TeV}",
      journal        = "Phys. Rev. Lett.",
      volume         = "106",
      year           = "2011",
      pages          = "122004",
      doi            = "10.1103/PhysRevLett.106.122004",
      eprint         = "1011.0375",
      archivePrefix  = "arXiv",
      primaryClass   = "hep-ph",
      SLACcitation   = "%%CITATION = ARXIV:1011.0375;%%"
}


@article{Deng:2011at,
      author         = "Deng, Wei-Tian and Xu, Zhe and Greiner, Carsten",
      title          = "{Elliptic and Triangular Flow and their Correlation in
                        Ultrarelativistic High Multiplicity Proton Proton
                        Collisions at 14 TeV}",
      journal        = "Phys. Lett.",
      volume         = "B711",
      year           = "2012",
      pages          = "301-306",
      doi            = "10.1016/j.physletb.2012.04.010",
      eprint         = "1112.0470",
      archivePrefix  = "arXiv",
      primaryClass   = "hep-ph",
      SLACcitation   = "%%CITATION = ARXIV:1112.0470;%%"
}



%%% contains utf-8, see: https://old.inspirehep.net/info/faq/general#utf8
%%% add \usepackage[utf8]{inputenc} to your latex preamble

@article{Werner:2013ipa,
      author         = "Werner, K. and Bleicher, M. and Guiot, B. and Karpenko,
                        Iu. and Pierog, T.",
      title          = "{Evidence for Flow from Hydrodynamic Simulations of
                        $p$-Pb Collisions at 5.02 TeV from $\nu_2$ Mass
                        Splitting}",
      journal        = "Phys. Rev. Lett.",
      volume         = "112",
      year           = "2014",
      number         = "23",
      pages          = "232301",
      doi            = "10.1103/PhysRevLett.112.232301",
      eprint         = "1307.4379",
      archivePrefix  = "arXiv",
      primaryClass   = "nucl-th",
      SLACcitation   = "%%CITATION = ARXIV:1307.4379;%%"
}



%%% contains utf-8, see: https://old.inspirehep.net/info/faq/general#utf8
%%% add \usepackage[utf8]{inputenc} to your latex preamble

@article{Bierlich:2014xba,
      author         = "Bierlich, Christian and Gustafson, Gösta and Lönnblad,
                        Leif and Tarasov, Andrey",
      title          = "{Effects of Overlapping Strings in pp Collisions}",
      journal        = "JHEP",
      volume         = "03",
      year           = "2015",
      pages          = "148",
      doi            = "10.1007/JHEP03(2015)148",
      eprint         = "1412.6259",
      archivePrefix  = "arXiv",
      primaryClass   = "hep-ph",
      reportNumber   = "MCNET-14-27, LU-TP-14-44, JLAB-THY-15-1991",
      SLACcitation   = "%%CITATION = ARXIV:1412.6259;%%"
}



%%% contains utf-8, see: https://old.inspirehep.net/info/faq/general#utf8
%%% add \usepackage[utf8]{inputenc} to your latex preamble

@article{Bautista:2015kwa,
      author         = "Bautista, I. and Téllez, A. Fernandez and Ghosh,
                        Premomoy",
      title          = "{Indication of change of phase in high-multiplicity
                        proton-proton events at LHC in String Percolation Model}",
      journal        = "Phys. Rev.",
      volume         = "D92",
      year           = "2015",
      number         = "7",
      pages          = "071504",
      doi            = "10.1103/PhysRevD.92.071504",
      eprint         = "1509.02278",
      archivePrefix  = "arXiv",
      primaryClass   = "nucl-th",
      SLACcitation   = "%%CITATION = ARXIV:1509.02278;%%"
}



%%% contains utf-8, see: https://old.inspirehep.net/info/faq/general#utf8
%%% add \usepackage[utf8]{inputenc} to your latex preamble

@article{Sjostrand:2014zea,
      author         = "Sjöstrand, Torbjörn and Ask, Stefan and Christiansen,
                        Jesper R. and Corke, Richard and Desai, Nishita and Ilten,
                        Philip and Mrenna, Stephen and Prestel, Stefan and
                        Rasmussen, Christine O. and Skands, Peter Z.",
      title          = "{An introduction to PYTHIA 8.2}",
      journal        = "Comput. Phys. Commun.",
      volume         = "191",
      year           = "2015",
      pages          = "159-177",
      doi            = "10.1016/j.cpc.2015.01.024",
      eprint         = "1410.3012",
      archivePrefix  = "arXiv",
      primaryClass   = "hep-ph",
      reportNumber   = "LU-TP-14-36, MCNET-14-22, CERN-PH-TH-2014-190,
                        FERMILAB-PUB-14-316-CD, DESY-14-178, SLAC-PUB-16122",
      SLACcitation   = "%%CITATION = ARXIV:1410.3012;%%"
}



%%% contains utf-8, see: https://old.inspirehep.net/info/faq/general#utf8
%%% add \usepackage[utf8]{inputenc} to your latex preamble

@article{Ortiz:2013yxa,
      author         = "Ortiz Velasquez, Antonio and Christiansen, Peter and
                        Cuautle Flores, Eleazar and Maldonado Cervantes, Ivonne
                        and Paić, Guy",
      title          = "{Color Reconnection and Flowlike Patterns in $pp$
                        Collisions}",
      journal        = "Phys. Rev. Lett.",
      volume         = "111",
      year           = "2013",
      number         = "4",
      pages          = "042001",
      doi            = "10.1103/PhysRevLett.111.042001",
      eprint         = "1303.6326",
      archivePrefix  = "arXiv",
      primaryClass   = "hep-ph",
      SLACcitation   = "%%CITATION = ARXIV:1303.6326;%%"
}


@article{Koop:2015wea,
      author         = "Orjuela Koop, J. D. and Adare, A. and McGlinchey, D. and
                        Nagle, J. L.",
      title          = "{Azimuthal anisotropy relative to the participant plane
                        from a multiphase transport model in central p + Au , d +
                        Au , and $^{3}$He + Au collisions at $\sqrt{s_{NN}}=200$
                        GeV}",
      journal        = "Phys. Rev.",
      volume         = "C92",
      year           = "2015",
      number         = "5",
      pages          = "054903",
      doi            = "10.1103/PhysRevC.92.054903",
      eprint         = "1501.06880",
      archivePrefix  = "arXiv",
      primaryClass   = "nucl-ex",
      SLACcitation   = "%%CITATION = ARXIV:1501.06880;%%"
}



%%% contains utf-8, see: https://old.inspirehep.net/info/faq/general#utf8
%%% add \usepackage[utf8]{inputenc} to your latex preamble

@article{Schlichting:2016sqo,
      author         = "Schlichting, Sören and Tribedy, Prithwish",
      title          = "{Collectivity in Small Collision Systems: An
                        Initial-State Perspective}",
      journal        = "Adv. High Energy Phys.",
      volume         = "2016",
      year           = "2016",
      pages          = "8460349",
      doi            = "10.1155/2016/8460349",
      eprint         = "1611.00329",
      archivePrefix  = "arXiv",
      primaryClass   = "hep-ph",
      SLACcitation   = "%%CITATION = ARXIV:1611.00329;%%"
}


@article{Schenke:2016lrs,
      author         = "Schenke, Bjoern and Schlichting, Soeren and Tribedy,
                        Prithwish and Venugopalan, Raju",
      title          = "{Mass ordering of spectra from fragmentation of saturated
                        gluon states in high multiplicity proton-proton
                        collisions}",
      journal        = "Phys. Rev. Lett.",
      volume         = "117",
      year           = "2016",
      number         = "16",
      pages          = "162301",
      doi            = "10.1103/PhysRevLett.117.162301",
      eprint         = "1607.02496",
      archivePrefix  = "arXiv",
      primaryClass   = "hep-ph",
      SLACcitation   = "%%CITATION = ARXIV:1607.02496;%%"
}


@article{Adam:2015ota,
      author         = "Adam, Jaroslav and others",
      title          = "{Measurement of charm and beauty production at central
                        rapidity versus charged-particle multiplicity in
                        proton-proton collisions at $ \sqrt{s}=7 $ TeV}",
      collaboration  = "ALICE",
      journal        = "JHEP",
      volume         = "09",
      year           = "2015",
      pages          = "148",
      doi            = "10.1007/JHEP09(2015)148",
      eprint         = "1505.00664",
      archivePrefix  = "arXiv",
      primaryClass   = "nucl-ex",
      reportNumber   = "CERN-PH-EP-2015-091",
      SLACcitation   = "%%CITATION = ARXIV:1505.00664;%%"
}


@article{Acharya:2020pit,
      author         = "Acharya, Shreyasi and others",
      title          = "{Multiplicity dependence of J/$\psi$ production at
                        midrapidity in pp collisions at $\sqrt{s}$ = 13 TeV}",
      collaboration  = "ALICE",
      year           = "2020",
      eprint         = "2005.11123",
      archivePrefix  = "arXiv",
      primaryClass   = "nucl-ex",
      reportNumber   = "CERN-EP-2020-088",
      SLACcitation   = "%%CITATION = ARXIV:2005.11123;%%"
}


@article{Adam:2018jmp,
      author         = "Adam, Jaroslav and others",
      title          = "{$J/\psi$ production cross section and its dependence on
                        charged-particle multiplicity in $p + p$ collisions at
                        $\sqrt{s}$ = 200 GeV}",
      collaboration  = "STAR",
      journal        = "Phys. Lett.",
      volume         = "B786",
      year           = "2018",
      pages          = "87-93",
      doi            = "10.1016/j.physletb.2018.09.029",
      eprint         = "1805.03745",
      archivePrefix  = "arXiv",
      primaryClass   = "hep-ex",
      SLACcitation   = "%%CITATION = ARXIV:1805.03745;%%"
}


@article{Chatrchyan:2013nza,
      author         = "Chatrchyan, Serguei and others",
      title          = "{Event Activity Dependence of Y(nS) Production in
                        $\sqrt{s_{NN}}$=5.02 TeV pPb and $\sqrt{s}$=2.76 TeV pp
                        Collisions}",
      collaboration  = "CMS",
      journal        = "JHEP",
      volume         = "04",
      year           = "2014",
      pages          = "103",
      doi            = "10.1007/JHEP04(2014)103",
      eprint         = "1312.6300",
      archivePrefix  = "arXiv",
      primaryClass   = "nucl-ex",
      reportNumber   = "CMS-HIN-13-003, CERN-PH-EP-2013-219",
      SLACcitation   = "%%CITATION = ARXIV:1312.6300;%%"
}


@article{Acharya:2020giw,
      author         = "Acharya, Shreyasi and others",
      title          = "{J/$\psi$ production as a function of charged-particle
                        multiplicity in p-Pb collisions at $\sqrt{\textit{s}_{\rm
                        NN}}~=~8.16$ TeV}",
      collaboration  = "ALICE",
      year           = "2020",
      eprint         = "2004.12673",
      archivePrefix  = "arXiv",
      primaryClass   = "nucl-ex",
      reportNumber   = "CERN-EP-2020-058",
      SLACcitation   = "%%CITATION = ARXIV:2004.12673;%%"
}


@article{Adam:2016mkz,
      author         = "Adam, J. and others",
      title          = "{Measurement of D-meson production versus multiplicity in
                        p-Pb collisions at $
                        \sqrt{{\mathrm{s}}_{\mathrm{NN}}}=5.02 $ TeV}",
      collaboration  = "ALICE",
      journal        = "JHEP",
      volume         = "08",
      year           = "2016",
      pages          = "078",
      doi            = "10.1007/JHEP08(2016)078",
      eprint         = "1602.07240",
      archivePrefix  = "arXiv",
      primaryClass   = "nucl-ex",
      reportNumber   = "CERN-EP-2016-034",
      SLACcitation   = "%%CITATION = ARXIV:1602.07240;%%"
}


@article{Acharya:2019mzb,
      author         = "Acharya, Shreyasi and others",
      title          = "{Charged-particle production as a function of
                        multiplicity and transverse spherocity in pp collisions at
                        $\sqrt{s} =5.02$ and 13 TeV}",
      collaboration  = "ALICE",
      journal        = "Eur. Phys. J.",
      volume         = "C79",
      year           = "2019",
      number         = "10",
      pages          = "857",
      doi            = "10.1140/epjc/s10052-019-7350-y",
      eprint         = "1905.07208",
      archivePrefix  = "arXiv",
      primaryClass   = "nucl-ex",
      reportNumber   = "CERN-EP-2019-094",
      SLACcitation   = "%%CITATION = ARXIV:1905.07208;%%"
}


@article{Acharya:2018orn,
      author         = "Acharya, Shreyasi and others",
      title          = "{Multiplicity dependence of light-flavor hadron
                        production in pp collisions at $\sqrt{s}$ = 7 TeV}",
      collaboration  = "ALICE",
      journal        = "Phys. Rev.",
      volume         = "C99",
      year           = "2019",
      number         = "2",
      pages          = "024906",
      doi            = "10.1103/PhysRevC.99.024906",
      eprint         = "1807.11321",
      archivePrefix  = "arXiv",
      primaryClass   = "nucl-ex",
      reportNumber   = "CERN-EP-2018-209",
      SLACcitation   = "%%CITATION = ARXIV:1807.11321;%%"
}


@article{Aamodt:2008zz,
      author         = "Aamodt, K. and others",
      title          = "{The ALICE experiment at the CERN LHC}",
      collaboration  = "ALICE",
      journal        = "JINST",
      volume         = "3",
      year           = "2008",
      pages          = "S08002",
      doi            = "10.1088/1748-0221/3/08/S08002",
      SLACcitation   = "%%CITATION = JINST,3,S08002;%%"
}


@article{Abelev:2014ffa,
      author         = "Abelev, Betty Bezverkhny and others",
      title          = "{Performance of the ALICE Experiment at the CERN LHC}",
      collaboration  = "ALICE",
      journal        = "Int. J. Mod. Phys.",
      volume         = "A29",
      year           = "2014",
      pages          = "1430044",
      doi            = "10.1142/S0217751X14300440",
      eprint         = "1402.4476",
      archivePrefix  = "arXiv",
      primaryClass   = "nucl-ex",
      reportNumber   = "CERN-PH-EP-2014-031",
      SLACcitation   = "%%CITATION = ARXIV:1402.4476;%%"
}


%@article{Cortese:2008zza,
 %     author         = "Cortese, P. and others",
  %    title          = "{ALICE electromagnetic calorimeter technical design
    %                    report}",
   %   collaboration  = "ALICE",
    %  year           = "2008",
    %  reportNumber   = "CERN-LHCC-2008-014, CERN-ALICE-TDR-014",
    %  SLACcitation   = "%%CITATION = CERN-LHCC-2008-014;%%"
%}
@techreport{Cortese:1121574,
      author        = "Cortese, P. and others",
      title         = "{ALICE Electromagnetic Calorimeter Technical Design
                       Report}",
      collaboration = "ALICE Collaboration",
      number        = "CERN-LHCC-2008-014. ALICE-TDR-14",
      month         = "Aug",
      year          = "2008",
      reportNumber  = "CERN-LHCC-2008-014",
      url           = "http://cds.cern.ch/record/1121574",
}


@article{Allen:2010stl,
      author         = "Allen, J. and others",
      title          = "{ALICE DCal: An Addendum to the EMCal Technical Design
                        Report Di-Jet and Hadron-Jet correlation measurements in
                        ALICE}",
      year           = "2010",
      reportNumber   = "CERN-LHCC-2010-011, ALICE-TDR-14-add-1",
      SLACcitation   = "%%CITATION = CERN-LHCC-2010-011;%%"
}



@article{ALICE:2012xs,
      author         = "Abelev, Betty and others",
      title          = "{Pseudorapidity density of charged particles in $p$ + Pb
                        collisions at $\sqrt{s_{NN}}=5.02$ TeV}",
      collaboration  = "ALICE",
      journal        = "Phys. Rev. Lett.",
      volume         = "110",
      year           = "2013",
      number         = "3",
      pages          = "032301",
      doi            = "10.1103/PhysRevLett.110.032301",
      eprint         = "1210.3615",
      archivePrefix  = "arXiv",
      primaryClass   = "nucl-ex",
      reportNumber   = "CERN-PH-EP-2012-307",
      SLACcitation   = "%%CITATION = ARXIV:1210.3615;%%"
}


@article{Acharya:2018egz,
      author         = "Acharya, Shreyasi and others",
      title          = "{Charged-particle pseudorapidity density at mid-rapidity
                        in p-Pb collisions at $\sqrt{s_{\rm{NN}}}$ = 8.16 TeV}",
      collaboration  = "ALICE",
      journal        = "Eur. Phys. J.",
      volume         = "C79",
      year           = "2019",
      number         = "4",
      pages          = "307",
      doi            = "10.1140/epjc/s10052-019-6801-9",
      eprint         = "1812.01312",
      archivePrefix  = "arXiv",
      primaryClass   = "nucl-ex",
      reportNumber   = "CERN-EP-2018-315",
      SLACcitation   = "%%CITATION = ARXIV:1812.01312;%%"
}


@article{Abelev:2012rz,
      author         = "Abelev, B. and others",
      title          = "{$J/\psi$ Production as a Function of Charged Particle
                        Multiplicity in $pp$ Collisions at $\sqrt{s} = 7$ TeV}",
      collaboration  = "ALICE",
      journal        = "Phys. Lett.",
      volume         = "B712",
      year           = "2012",
      pages          = "165-175",
      doi            = "10.1016/j.physletb.2012.04.052",
      eprint         = "1202.2816",
      archivePrefix  = "arXiv",
      primaryClass   = "hep-ex",
      SLACcitation   = "%%CITATION = ARXIV:1202.2816;%%"
}



%%% contains utf-8, see: https://old.inspirehep.net/info/faq/general#utf8
%%% add \usepackage[utf8]{inputenc} to your latex preamble

@article{Adam:2015pza,
      author         = "Adam, Jaroslav and others",
      title          = "{Pseudorapidity and transverse-momentum distributions of
                        charged particles in proton–proton collisions at $\sqrt
                        s=$ 13 TeV}",
      collaboration  = "ALICE",
      journal        = "Phys. Lett.",
      volume         = "B753",
      year           = "2016",
      pages          = "319-329",
      doi            = "10.1016/j.physletb.2015.12.030",
      eprint         = "1509.08734",
      archivePrefix  = "arXiv",
      primaryClass   = "nucl-ex",
      reportNumber   = "CERN-PH-EP-2015-270, ALICE-PUBLIC-2015-005",
      SLACcitation   = "%%CITATION = ARXIV:1509.08734;%%"
}


@article{Sjostrand:2006za,
      author         = "Sjostrand, Torbjorn and Mrenna, Stephen and Skands, Peter
                        Z.",
      title          = "{PYTHIA 6.4 Physics and Manual}",
      journal        = "JHEP",
      volume         = "05",
      year           = "2006",
      pages          = "026",
      doi            = "10.1088/1126-6708/2006/05/026",
      eprint         = "hep-ph/0603175",
      archivePrefix  = "arXiv",
      primaryClass   = "hep-ph",
      reportNumber   = "FERMILAB-PUB-06-052-CD-T, LU-TP-06-13",
      SLACcitation   = "%%CITATION = HEP-PH/0603175;%%"
}


@inproceedings{Roesler:2000he,
      author         = "Roesler, Stefan and Engel, Ralph and Ranft, Johannes",
      title          = "{The Monte Carlo event generator DPMJET-III}",
      booktitle      = "{Advanced Monte Carlo for radiation physics, particle
                        transport simulation and applications. Proceedings,
                        Conference, MC2000, Lisbon, Portugal, October 23-26,
                        2000}",
      url            = "http://www-public.slac.stanford.edu/sciDoc/docMeta.aspx?slacPubNumber=SLAC-PUB-8740",
      year           = "2000",
      pages          = "1033-1038",
      doi            = "10.1007/978-3-642-18211-2_166",
      eprint         = "hep-ph/0012252",
      archivePrefix  = "arXiv",
      primaryClass   = "hep-ph",
      reportNumber   = "SLAC-PUB-8740",
      SLACcitation   = "%%CITATION = HEP-PH/0012252;%%"
}



%@MISC{Brun:1082634,
	*** Not Found with lookup: '035:"Brun:1082634"'
}
%@article{Brun:1994aa,
 %   author = "Brun, Ren\'e and Bruyant, F. and Carminati, Federico and Giani, Simone and Maire, M. and McPherson, A. and Patrick, G. and Urban, L.",
 %   title = "{GEANT Detector Description and Simulation Tool}",
 %   reportNumber = "CERN-W5013, CERN-W-5013, W5013, W-5013",
 %   doi = "10.17181/CERN.MUHF.DMJ1",
 %   month = "10",
 %   year = "1994"
%}
@article{Brun:1082634,
      author        = "Brun, René and Bruyant, F and Carminati, Federico and
                       Giani, Simone and Maire, M and McPherson, A and Patrick, G
                       and Urban, L",
      title         = "{GEANT: Detector Description and Simulation Tool; Oct
                       1994}",
      publisher     = "CERN",
      address       = "Geneva",
      series        = "CERN Program Library",
      year          = "1993",
      url           = "http://cds.cern.ch/record/1082634",
      note          = "Long Writeup W5013",
      doi           = "10.17181/CERN.MUHF.DMJ1",
}

@book{Brun:1073159,
      author        = "Brun, René and Bruyant, F and Carminati, Federico and
                       Giani, Simone and Maire, M and McPherson, A and Patrick, G
                       and Urban, L",
      title         = "{GEANT: detector description and simulation tool; March
                       1994}",
      publisher     = "CERN",
      address       = "Geneva",
      series        = "CERN Program Library",
      year          = "1993",
      url           = "http://cds.cern.ch/record/1073159",
      note          = "Long Writeup W5013",
}

@article{Acharya:2019hao,
      author         = "Acharya, Shreyasi and others",
      title          = "{Measurement of electrons from heavy-flavour hadron
                        decays as a function of multiplicity in p-Pb collisions at
                        $\sqrt{s_{\rm NN}}$ = 5.02 TeV}",
      collaboration  = "ALICE",
      journal        = "JHEP",
      volume         = "02",
      year           = "2020",
      pages          = "077",
      doi            = "10.1007/JHEP02(2020)077",
      eprint         = "1910.14399",
      archivePrefix  = "arXiv",
      primaryClass   = "nucl-ex",
      reportNumber   = "CERN-EP-2019-250",
      SLACcitation   = "%%CITATION = ARXIV:1910.14399;%%"
}


@article{Acharya:2019mom,
      author         = "Acharya, Shreyasi and others",
      title          = "{Measurement of electrons from semileptonic heavy-flavour
                        hadron decays at midrapidity in pp and Pb-Pb collisions at
                        $\sqrt{s_{\rm{NN}}}$ = 5.02 TeV}",
      collaboration  = "ALICE",
      journal        = "Phys. Lett.",
      volume         = "B804",
      year           = "2020",
      pages          = "135377",
      doi            = "10.1016/j.physletb.2020.135377",
      eprint         = "1910.09110",
      archivePrefix  = "arXiv",
      primaryClass   = "nucl-ex",
      reportNumber   = "CERN-EP-2019-205",
      SLACcitation   = "%%CITATION = ARXIV:1910.09110;%%"
}


@article{Bethe:1930ku,
      author         = "Bethe, H.",
      title          = "{Theory of the Passage of Fast Corpuscular Rays Through
                        Matter}",
      journal        = "Annalen Phys.",
      volume         = "5",
      year           = "1930",
      pages          = "325-400",
      doi            = "10.1002/andp.19303970303",
      note           = "[Annalen Phys.397,325(1930)]",
      SLACcitation   = "%%CITATION = ANPYA,5,325;%%"
}



%%% contains utf-8, see: https://old.inspirehep.net/info/faq/general#utf8
%%% add \usepackage[utf8]{inputenc} to your latex preamble

@article{Alessandro:2006yt,
      author         = "Fabjan, Christian Wolfgang and others",
      editor         = "Alessandro, B and Antinori, F and Belikov, J A and Blume,
                        C and Dainese, A and Foka, P and Giubellino, P and
                        Hippolyte, B and Kuhn, C and Martínez, G and others ",
      title          = "{ALICE: Physics performance report, volume II}",
      collaboration  = "ALICE",
      journal        = "J. Phys.",
      volume         = "G32",
      year           = "2006",
      pages          = "1295-2040",
      doi            = "10.1088/0954-3899/32/10/001",
      reportNumber   = "ALICE-TDR-13, CERN-LHCC-2005-030",
      SLACcitation   = "%%CITATION = JPAGA,G32,1295;%%"
}


@article{Awes:1992yp,
      author         = "Awes, T. C. and Obenshain, F. E. and Plasil, F. and
                        Saini, S. and Sorensen, S. P. and Young, G. R.",
      title          = "{A Simple method of shower localization and
                        identification in laterally segmented calorimeters}",
      journal        = "Nucl. Instrum. Meth.",
      volume         = "A311",
      year           = "1992",
      pages          = "130-138",
      doi            = "10.1016/0168-9002(92)90858-2",
      SLACcitation   = "%%CITATION = NUIMA,A311,130;%%"
}


@article{Acharya:2017hyu,
      author         = "Acharya, Shreyasi and others",
      title          = "{Production of ${\pi ^0}$ and $\eta $ mesons up to high
                        transverse momentum in pp collisions at 2.76 TeV}",
      collaboration  = "ALICE",
      journal        = "Eur. Phys. J.",
      volume         = "C77",
      year           = "2017",
      number         = "5",
      pages          = "339",
      doi            = "10.1140/epjc/s10052-017-5144-7,
                        10.1140/epjc/s10052-017-4890-x",
      note           = "[Eur. Phys. J.C77,no.9,586(2017)]",
      eprint         = "1702.00917",
      archivePrefix  = "arXiv",
      primaryClass   = "hep-ex",
      reportNumber   = "CERN-EP-2017-019",
      SLACcitation   = "%%CITATION = ARXIV:1702.00917;%%"
}


@article{Wang:1991hta,
      author         = "Wang, Xin-Nian and Gyulassy, Miklos",
      title          = "{HIJING: A Monte Carlo model for multiple jet production
                        in p p, p A and A A collisions}",
      journal        = "Phys. Rev.",
      volume         = "D44",
      year           = "1991",
      pages          = "3501-3516",
      doi            = "10.1103/PhysRevD.44.3501",
      reportNumber   = "LBL-31036",
      SLACcitation   = "%%CITATION = PHRVA,D44,3501;%%"
}


@article{Acharya:2018upq,
      author         = "Acharya, Shreyasi and others",
      title          = "{Measurements of low-p$_{T}$ electrons from semileptonic
                        heavy-flavour hadron decays at mid-rapidity in pp and
                        Pb-Pb collisions at $ \sqrt{s_{\mathrm{NN}}}=2.76 $ TeV}",
      collaboration  = "ALICE",
      journal        = "JHEP",
      volume         = "10",
      year           = "2018",
      pages          = "061",
      doi            = "10.1007/JHEP10(2018)061",
      eprint         = "1805.04379",
      archivePrefix  = "arXiv",
      primaryClass   = "nucl-ex",
      reportNumber   = "CERN-EP-2018-095",
      SLACcitation   = "%%CITATION = ARXIV:1805.04379;%%"
}


@article{Abelev:2014gla,
      author         = "Abelev, Betty Bezverkhny and others",
      title          = "{Measurement of electrons from semileptonic heavy-flavor
                        hadron decays in $pp$ collisions at $\sqrt{s} = 2.76$
                        TeV}",
      collaboration  = "ALICE",
      journal        = "Phys. Rev.",
      volume         = "D91",
      year           = "2015",
      number         = "1",
      pages          = "012001",
      doi            = "10.1103/PhysRevD.91.012001",
      eprint         = "1405.4117",
      archivePrefix  = "arXiv",
      primaryClass   = "nucl-ex",
      reportNumber   = "CERN-PH-EP-2014-097",
      SLACcitation   = "%%CITATION = ARXIV:1405.4117;%%"
}


@article{Oleari:2010nx,
      author         = "Oleari, Carlo",
      title          = "{The POWHEG-BOX}",
      booktitle      = "{Proceedings,  10th DESY Workshop on Elementary Particle
                        Theory: Loops and Legs in Quantum Field Theory: Woerlitz,
                        Germany, April 25-30, 2010}",
      journal        = "Nucl. Phys. Proc. Suppl.",
      volume         = "205-206",
      year           = "2010",
      pages          = "36-41",
      doi            = "10.1016/j.nuclphysbps.2010.08.016",
      eprint         = "1007.3893",
      archivePrefix  = "arXiv",
      primaryClass   = "hep-ph",
      SLACcitation   = "%%CITATION = ARXIV:1007.3893;%%"
}


@article{Cacciari:1998it,
      author         = "Cacciari, Matteo and Greco, Mario and Nason, Paolo",
      title          = "{The P(T) spectrum in heavy flavor hadroproduction}",
      journal        = "JHEP",
      volume         = "05",
      year           = "1998",
      pages          = "007",
      doi            = "10.1088/1126-6708/1998/05/007",
      eprint         = "hep-ph/9803400",
      archivePrefix  = "arXiv",
      primaryClass   = "hep-ph",
      reportNumber   = "CERN-TH-98-77, LPTHE-ORSAY-98-11, IFUM-613-FT,
                        LNF-98-008-P",
      SLACcitation   = "%%CITATION = HEP-PH/9803400;%%"
}


@article{Nadolsky:2008zw,
      author         = "Nadolsky, Pavel M. and Lai, Hung-Liang and Cao, Qing-Hong
                        and Huston, Joey and Pumplin, Jon and Stump, Daniel and
                        Tung, Wu-Ki and Yuan, C. -P.",
      title          = "{Implications of CTEQ global analysis for collider
                        observables}",
      journal        = "Phys. Rev.",
      volume         = "D78",
      year           = "2008",
      pages          = "013004",
      doi            = "10.1103/PhysRevD.78.013004",
      eprint         = "0802.0007",
      archivePrefix  = "arXiv",
      primaryClass   = "hep-ph",
      reportNumber   = "MSUHEP-080125, UCRHEP-T447",
      SLACcitation   = "%%CITATION = ARXIV:0802.0007;%%"
}


@article{Cacciari:2001td,
      author         = "Cacciari, Matteo and Frixione, Stefano and Nason, Paolo",
      title          = "{The p(T) spectrum in heavy flavor photoproduction}",
      journal        = "JHEP",
      volume         = "03",
      year           = "2001",
      pages          = "006",
      doi            = "10.1088/1126-6708/2001/03/006",
      eprint         = "hep-ph/0102134",
      archivePrefix  = "arXiv",
      primaryClass   = "hep-ph",
      reportNumber   = "BICOCCA-FT-01-01, GEF-TH-2-01, YITP-SB-01-01",
      SLACcitation   = "%%CITATION = HEP-PH/0102134;%%"
}


@article{Averbeck:2011ga,
    author = "Averbeck, R. and Bastid, N. and del Valle, Z. Conesa and Crochet, P. and Dainese, A. and Zhang, X.",
    title = "{Reference Heavy Flavour Cross Sections in pp Collisions at $\sqrt{s}$ = 2.76 TeV, using a pQCD-Driven $\sqrt{s}$-Scaling of ALICE Measurements at $\sqrt{s}$ = 7 TeV}",
    eprint = "1107.3243",
    archivePrefix = "arXiv",
    primaryClass = "hep-ph",
    month = "7",
    year = "2011"
}



@article{Abelev:2014hla,
      author         = "Abelev, Betty Bezverkhny and others",
      title          = "{Beauty production in pp collisions at $\sqrt{s}$ = 2.76
                        TeV measured via semi-electronic decays}",
      collaboration  = "ALICE",
      journal        = "Phys. Lett.",
      volume         = "B738",
      year           = "2014",
      pages          = "97-108",
      doi            = "10.1016/j.physletb.2014.09.026",
      eprint         = "1405.4144",
      archivePrefix  = "arXiv",
      primaryClass   = "nucl-ex",
      reportNumber   = "CERN-PH-EP-2014-089",
      SLACcitation   = "%%CITATION = ARXIV:1405.4144;%%"
}


@article{Acharya:2019kyh,
      author         = "Acharya, Shreyasi and others",
      title          = "{Multiplicity dependence of (multi-)strange hadron
                        production in proton-proton collisions at $\sqrt{s}$ = 13
                        TeV}",
      collaboration  = "ALICE",
      journal        = "Eur. Phys. J.",
      volume         = "C80",
      year           = "2020",
      number         = "2",
      pages          = "167",
      doi            = "10.1140/epjc/s10052-020-7673-8",
      eprint         = "1908.01861",
      archivePrefix  = "arXiv",
      primaryClass   = "nucl-ex",
      reportNumber   = "CERN-EP-2019-168",
      SLACcitation   = "%%CITATION = ARXIV:1908.01861;%%"
}

@article{Pumplin:2002vw,
    author = "Pumplin, J. and Stump, D.R. and Huston, J. and Lai, H.L. and Nadolsky, Pavel M. and Tung, W.K.",
    title = "{New generation of parton distributions with uncertainties from global QCD analysis}",
    eprint = "hep-ph/0201195",
    archivePrefix = "arXiv",
    reportNumber = "MSU-HEP-011101",
    doi = "10.1088/1126-6708/2002/07/012",
    journal = "JHEP",
    volume = "07",
    pages = "012",
    year = "2002"
}
@article{Guzzi:2011sv,
    author = "Guzzi, Marco and Nadolsky, Pavel and Berger, Edmond and Lai, Hung-Liang and Olness, Fredrick and Yuan, C.-P.",
    title = "{CT10 parton distributions and other developments in the global QCD analysis}",
    eprint = "1101.0561",
    archivePrefix = "arXiv",
    primaryClass = "hep-ph",
    reportNumber = "SMU-HEP-10-11",
    month = "1",
    year = "2011"
}

@article{Fermi:1934hr,
    author = "Fermi, E.",
    title = "{An attempt of a theory of beta radiation. 1.}",
    reportNumber = "UCRL-TRANS-726",
    doi = "10.1007/BF01351864",
    journal = "Z. Phys.",
    volume = "88",
    pages = "161--177",
    year = "1934"
}
@article{Wilson:1968pwx,
    author = "Wilson, Fred L.",
    title = "{Fermi's Theory of Beta Decay}",
    doi = "10.1119/1.1974382",
    journal = "Am. J. Phys.",
    volume = "36",
    number = "12",
    pages = "1150--1160",
    year = "1968"
}
@article{ALICE-PUBLIC-2016-002,
      title         = "{ALICE luminosity determination for pp collisions at  $\sqrt{s}=13$ TeV}",
      collaboration = "ALICE",
      month         = "Jun",
      year          = "2016",
      reportNumber  = "ALICE-PUBLIC-2016-002",
      url           = "https://cds.cern.ch/record/2160174"
}