@article{ALICE:2016kpq,
      author         = "Adam, Jaroslav and others",
      title          = "{Correlated event-by-event fluctuations of flow harmonics
                        in Pb-Pb collisions at $\sqrt{s_{_{\rm NN}}}=2.76$ TeV}",
      collaboration  = "ALICE",
      journal        = "Phys. Rev. Lett.",
      volume         = "117",
      year           = "2016",
      pages          = "182301",
      doi            = "10.1103/PhysRevLett.117.182301",
      eprint         = "1604.07663",
      archivePrefix  = "arXiv",
      primaryClass   = "nucl-ex",
      reportNumber   = "CERN-EP-2016-102",
      SLACcitation   = "%%CITATION = ARXIV:1604.07663;%%"
}
@article{Adam:2016xbp,
      author         = "Adam, Jaroslav and others",
      title          = "{Jet-like correlations with neutral pion triggers in pp
                        and central Pb?Pb collisions at 2.76 TeV}",
      collaboration  = "ALICE",
      journal        = "Phys. Lett.",
      volume         = "B763",
      year           = "2016",
      pages          = "238-250",
      doi            = "10.1016/j.physletb.2016.10.048",
      eprint         = "1608.07201",
      archivePrefix  = "arXiv",
      primaryClass   = "nucl-ex",
      reportNumber   = "CERN-EP-2016-195",
      SLACcitation   = "%%CITATION = ARXIV:1608.07201;%%"
}
@article{Adam:2016nfo,
      author         = "Adam, Jaroslav and others",
      title          = "{Higher harmonic flow coefficients of identified hadrons
                        in Pb-Pb collisions at $\sqrt{s_{\rm NN}}$ = 2.76 TeV}",
      collaboration  = "ALICE",
      journal        = "JHEP",
      volume         = "09",
      year           = "2016",
      pages          = "164",
      doi            = "10.1007/JHEP09(2016)164",
      eprint         = "1606.06057",
      archivePrefix  = "arXiv",
      primaryClass   = "nucl-ex",
      reportNumber   = "CERN-EP-2016-159",
      SLACcitation   = "%%CITATION = ARXIV:1606.06057;%%"
}
@article{Adam:2016thv,
      author         = "Adam, Jaroslav and others",
      title          = "{Measurement of transverse energy at midrapidity in Pb-Pb
                        collisions at $\sqrt{s_{\rm NN}} = 2.76$ TeV}",
      collaboration  = "ALICE",
      journal        = "Phys. Rev.",
      volume         = "C94",
      year           = "2016",
      number         = "3",
      pages          = "034903",
      doi            = "10.1103/PhysRevC.94.034903",
      eprint         = "1603.04775",
      archivePrefix  = "arXiv",
      primaryClass   = "nucl-ex",
      reportNumber   = "CERN-EP-2016-071",
      SLACcitation   = "%%CITATION = ARXIV:1603.04775;%%"
}
@article{Adam:2016ssk,
      author         = "Adam, Jaroslav and others",
      title          = "{Elliptic flow of electrons from heavy-flavour hadron
                        decays at mid-rapidity in Pb-Pb collisions at $
                        \sqrt{{\mathrm{s}}_{\mathrm{NN}}}=2.76 $ TeV}",
      collaboration  = "ALICE",
      journal        = "JHEP",
      volume         = "09",
      year           = "2016",
      pages          = "028",
      doi            = "10.1007/JHEP09(2016)028",
      eprint         = "1606.00321",
      archivePrefix  = "arXiv",
      primaryClass   = "nucl-ex",
      reportNumber   = "CERN-EP-2016-136",
      SLACcitation   = "%%CITATION = ARXIV:1606.00321;%%"
}
@article{Adam:2016mkz,
      author         = "Adam, J. and others",
      title          = "{Measurement of D-meson production versus multiplicity in
                        p-Pb collisions at $
                        \sqrt{{\mathrm{s}}_{\mathrm{NN}}}=5.02 $ TeV}",
      collaboration  = "ALICE",
      journal        = "JHEP",
      volume         = "08",
      year           = "2016",
      pages          = "078",
      doi            = "10.1007/JHEP08(2016)078",
      eprint         = "1602.07240",
      archivePrefix  = "arXiv",
      primaryClass   = "nucl-ex",
      reportNumber   = "CERN-EP-2016-034",
      SLACcitation   = "%%CITATION = ARXIV:1602.07240;%%"
}
@article{Adam:2016dau,
      author         = "Adam, Jaroslav and others",
      title          = "{Multiplicity dependence of charged pion, kaon, and
                        (anti)proton production at large transverse momentum in
                        p-Pb collisions at $\mathbf{\sqrt{{\textit s}_{\rm NN}}}$
                        = 5.02 TeV}",
      collaboration  = "ALICE",
      journal        = "Phys. Lett.",
      volume         = "B760",
      year           = "2016",
      pages          = "720-735",
      doi            = "10.1016/j.physletb.2016.07.050",
      eprint         = "1601.03658",
      archivePrefix  = "arXiv",
      primaryClass   = "nucl-ex",
      reportNumber   = "CERN-EP-2016-003",
      SLACcitation   = "%%CITATION = ARXIV:1601.03658;%%"
}
@article{Adam:2016ows,
      author         = "Adam, Jaroslav and others",
      title          = "{Pseudorapidity dependence of the anisotropic flow of
                        charged particles in Pb-Pb collisions at $\sqrt{s_{\rm
                        NN}}=2.76$ TeV}",
      collaboration  = "ALICE",
      journal        = "Phys. Lett.",
      volume         = "B762",
      year           = "2016",
      pages          = "376-388",
      doi            = "10.1016/j.physletb.2016.07.017",
      eprint         = "1605.02035",
      archivePrefix  = "arXiv",
      primaryClass   = "nucl-ex",
      reportNumber   = "CERN-EP-2016-115",
      SLACcitation   = "%%CITATION = ARXIV:1605.02035;%%"
}
@article{Adam:2016ohd,
      author         = "Adam, Jaroslav and others",
      title          = "{Centrality dependence of $\mathbf{\psi}$(2S) suppression
                        in p-Pb collisions at $\mathbf{\sqrt{{\textit s}_{\rm
                        NN}}}$ = 5.02 TeV}",
      collaboration  = "ALICE",
      journal        = "JHEP",
      volume         = "06",
      year           = "2016",
      pages          = "050",
      doi            = "10.1007/JHEP06(2016)050",
      eprint         = "1603.02816",
      archivePrefix  = "arXiv",
      primaryClass   = "nucl-ex",
      reportNumber   = "CERN-EP-2016-046",
      SLACcitation   = "%%CITATION = ARXIV:1603.02816;%%"
}
@article{Adam:2015ptt,
      author         = "Adam, Jaroslav and others",
      title          = "{Centrality dependence of the charged-particle
                        multiplicity density at midrapidity in Pb-Pb collisions at
                        $\sqrt{s_{\rm NN}}$ = 5.02 TeV}",
      collaboration  = "ALICE",
      journal        = "Phys. Rev. Lett.",
      volume         = "116",
      year           = "2016",
      number         = "22",
      pages          = "222302",
      doi            = "10.1103/PhysRevLett.116.222302",
      eprint         = "1512.06104",
      archivePrefix  = "arXiv",
      primaryClass   = "nucl-ex",
      reportNumber   = "CERN-PH-EP-2015-324, ALICE-PUBLIC-2015-008",
      SLACcitation   = "%%CITATION = ARXIV:1512.06104;%%"
}
@article{Adam:2015gba,
      author         = "Adam, Jaroslav and others",
      title          = "{Measurement of an excess in the yield of $J/\psi$ at
                        very low $p_{\rm T}$ in Pb-Pb collisions at $\sqrt{s_{\rm
                        NN}}$ = 2.76 TeV}",
      collaboration  = "ALICE",
      journal        = "Phys. Rev. Lett.",
      volume         = "116",
      year           = "2016",
      number         = "22",
      pages          = "222301",
      doi            = "10.1103/PhysRevLett.116.222301",
      eprint         = "1509.08802",
      archivePrefix  = "arXiv",
      primaryClass   = "nucl-ex",
      reportNumber   = "CERN-PH-EP-2015-268",
      SLACcitation   = "%%CITATION = ARXIV:1509.08802;%%"
}
@article{Adam:2015isa,
      author         = "Adam, Jaroslav and others",
      title          = "{Differential studies of inclusive J/? and ?(2S)
                        production at forward rapidity in Pb-Pb collisions at $
                        \sqrt{s_{\mathrm{NN}}}=2.76 $ TeV}",
      collaboration  = "ALICE",
      journal        = "JHEP",
      volume         = "05",
      year           = "2016",
      pages          = "179",
      doi            = "10.1007/JHEP05(2016)179",
      eprint         = "1506.08804",
      archivePrefix  = "arXiv",
      primaryClass   = "nucl-ex",
      reportNumber   = "CERN-PH-EP-2015-157",
      SLACcitation   = "%%CITATION = ARXIV:1506.08804;%%"
}
@article{Adam:2016acv,
      author         = "Adam, Jaroslav and others",
      title          = "{Particle identification in ALICE: a Bayesian approach}",
      collaboration  = "ALICE",
      journal        = "Eur. Phys. J. Plus",
      volume         = "131",
      year           = "2016",
      number         = "5",
      pages          = "168",
      doi            = "10.1140/epjp/i2016-16168-5",
      eprint         = "1602.01392",
      archivePrefix  = "arXiv",
      primaryClass   = "physics.data-an",
      reportNumber   = "CERN-EP-2016-023",
      SLACcitation   = "%%CITATION = ARXIV:1602.01392;%%"
}
@article{Adam:2016jfp,
      author         = "Adam, Jaroslav and others",
      title          = "{Centrality dependence of charged jet production in
                        p?Pb collisions at $\sqrt{s_\mathrm{NN}}$ = 5.02 TeV}",
      collaboration  = "ALICE",
      journal        = "Eur. Phys. J.",
      volume         = "C76",
      year           = "2016",
      number         = "5",
      pages          = "271",
      doi            = "10.1140/epjc/s10052-016-4107-8",
      eprint         = "1603.03402",
      archivePrefix  = "arXiv",
      primaryClass   = "nucl-ex",
      reportNumber   = "CERN-EP-2016-052, ALICE-PUBLIC-2016-001",
      SLACcitation   = "%%CITATION = ARXIV:1603.03402;%%"
}
@article{Adam:2015vsf,
      author         = "Adam, Jaroslav and others",
      title          = "{Multi-strange baryon production in p-Pb collisions at
                        $\sqrt{s_\mathbf{NN}}=5.02$ TeV}",
      collaboration  = "ALICE",
      journal        = "Phys. Lett.",
      volume         = "B758",
      year           = "2016",
      pages          = "389-401",
      doi            = "10.1016/j.physletb.2016.05.027",
      eprint         = "1512.07227",
      archivePrefix  = "arXiv",
      primaryClass   = "nucl-ex",
      reportNumber   = "CERN-PH-EP-2015-327",
      SLACcitation   = "%%CITATION = ARXIV:1512.07227;%%"
}
@article{Adam:2016bpr,
      author         = "Adam, Jaroslav and others",
      title          = "{Production of K$^{*}$ (892)$^{0}$ and $\phi $ (1020) in
                        p?Pb collisions at $\sqrt{s_{{\text {NN}}}}$ = 5.02
                        TeV}",
      collaboration  = "ALICE",
      journal        = "Eur. Phys. J.",
      volume         = "C76",
      year           = "2016",
      number         = "5",
      pages          = "245",
      doi            = "10.1140/epjc/s10052-016-4088-7",
      eprint         = "1601.07868",
      archivePrefix  = "arXiv",
      primaryClass   = "nucl-ex",
      reportNumber   = "CERN-PH-EP-2015-326",
      SLACcitation   = "%%CITATION = ARXIV:1601.07868;%%"
}
@article{Adam:2015vje,
      author         = "Adam, Jaroslav and others",
      title          = "{Charge-dependent flow and the search for the chiral
                        magnetic wave in Pb-Pb collisions at $\sqrt{s_{\rm NN}} =$
                        2.76 TeV}",
      collaboration  = "ALICE",
      journal        = "Phys. Rev.",
      volume         = "C93",
      year           = "2016",
      number         = "4",
      pages          = "044903",
      doi            = "10.1103/PhysRevC.93.044903",
      eprint         = "1512.05739",
      archivePrefix  = "arXiv",
      primaryClass   = "nucl-ex",
      reportNumber   = "CERN-PH-EP-2015-316",
      SLACcitation   = "%%CITATION = ARXIV:1512.05739;%%"
}
@article{Adam:2015rta,
      author         = "Adam, Jaroslav and others",
      title          = "{Inclusive quarkonium production at forward rapidity in
                        pp collisions at $\sqrt{s}=8$ TeV}",
      collaboration  = "ALICE",
      journal        = "Eur. Phys. J.",
      volume         = "C76",
      year           = "2016",
      number         = "4",
      pages          = "184",
      doi            = "10.1140/epjc/s10052-016-3987-y",
      eprint         = "1509.08258",
      archivePrefix  = "arXiv",
      primaryClass   = "hep-ex",
      reportNumber   = "CERN-PH-EP-2015-267",
      SLACcitation   = "%%CITATION = ARXIV:1509.08258;%%"
}
@article{Adam:2016izf,
      author         = "Adam, Jaroslav and others",
      title          = "{Anisotropic flow of charged particles in Pb-Pb
                        collisions at $\sqrt{s_{\rm NN}}=5.02$ TeV}",
      collaboration  = "ALICE",
      journal        = "Phys. Rev. Lett.",
      volume         = "116",
      year           = "2016",
      number         = "13",
      pages          = "132302",
      doi            = "10.1103/PhysRevLett.116.132302",
      eprint         = "1602.01119",
      archivePrefix  = "arXiv",
      primaryClass   = "nucl-ex",
      reportNumber   = "CERN-EP-2016-018",
      SLACcitation   = "%%CITATION = ARXIV:1602.01119;%%"
}
@article{Adam:2015eta,
      author         = "Adam, Jaroslav and others",
      title          = "{Event shape engineering for inclusive spectra and
                        elliptic flow in Pb-Pb collisions at
                        $\sqrt{s_\rm{NN}}=2.76$ TeV}",
      collaboration  = "ALICE",
      journal        = "Phys. Rev.",
      volume         = "C93",
      year           = "2016",
      number         = "3",
      pages          = "034916",
      doi            = "10.1103/PhysRevC.93.034916",
      eprint         = "1507.06194",
      archivePrefix  = "arXiv",
      primaryClass   = "nucl-ex",
      reportNumber   = "CERN-PH-EP-2015-171",
      SLACcitation   = "%%CITATION = ARXIV:1507.06194;%%"
}
@article{Adam:2015kca,
      author         = "Adam, Jaroslav and others",
      title          = "{Centrality dependence of the nuclear modification factor
                        of charged pions, kaons, and protons in Pb-Pb collisions
                        at $\sqrt{s_{\rm NN}}=2.76$ TeV}",
      collaboration  = "ALICE",
      journal        = "Phys. Rev.",
      volume         = "C93",
      year           = "2016",
      number         = "3",
      pages          = "034913",
      doi            = "10.1103/PhysRevC.93.034913",
      eprint         = "1506.07287",
      archivePrefix  = "arXiv",
      primaryClass   = "nucl-ex",
      reportNumber   = "CERN-PH-EP-2015-152",
      SLACcitation   = "%%CITATION = ARXIV:1506.07287;%%"
}
@article{Adam:2015sza,
      author         = "Adam, Jaroslav and others",
      title          = "{Transverse momentum dependence of D-meson production in
                        Pb-Pb collisions at $ \sqrt{{\mathrm{s}}_{\mathrm{NN}}}=$
                        2.76  TeV}",
      collaboration  = "ALICE",
      journal        = "JHEP",
      volume         = "03",
      year           = "2016",
      pages          = "081",
      doi            = "10.1007/JHEP03(2016)081",
      eprint         = "1509.06888",
      archivePrefix  = "arXiv",
      primaryClass   = "nucl-ex",
      reportNumber   = "CERN-PH-EP-2015-252",
      SLACcitation   = "%%CITATION = ARXIV:1509.06888;%%"
}
@article{Adam:2015jda,
      author         = "Adam, Jaroslav and others",
      title          = "{Measurement of D$_{s}^{+}$ production and nuclear
                        modification factor in Pb-Pb collisions at $
                        \sqrt{{\mathrm{s}}_{\mathrm{NN}}}=$ 2.76 TeV}",
      collaboration  = "ALICE",
      journal        = "JHEP",
      volume         = "03",
      year           = "2016",
      pages          = "082",
      doi            = "10.1007/JHEP03(2016)082",
      eprint         = "1509.07287",
      archivePrefix  = "arXiv",
      primaryClass   = "nucl-ex",
      reportNumber   = "CERN-PH-EP-2015-253",
      SLACcitation   = "%%CITATION = ARXIV:1509.07287;%%"
}
@article{Adam:2015pbc,
      author         = "Adam, Jaroslav and others",
      title          = "{Multipion Bose-Einstein correlations in pp,p -Pb, and
                        Pb-Pb collisions at energies available at the CERN Large
                        Hadron Collider}",
      collaboration  = "ALICE",
      journal        = "Phys. Rev.",
      volume         = "C93",
      year           = "2016",
      number         = "5",
      pages          = "054908",
      doi            = "10.1103/PhysRevC.93.054908",
      eprint         = "1512.08902",
      archivePrefix  = "arXiv",
      primaryClass   = "nucl-ex",
      reportNumber   = "CERN-PH-EP-2015-330, ALICE-PUBLIC-2015-009",
      SLACcitation   = "%%CITATION = ARXIV:1512.08902;%%"
}
@article{Adam:2015vda,
      author         = "Adam, Jaroslav and others",
      title          = "{Production of light nuclei and anti-nuclei in pp and
                        Pb-Pb collisions at energies available at the CERN Large
                        Hadron Collider}",
      collaboration  = "ALICE",
      journal        = "Phys. Rev.",
      volume         = "C93",
      year           = "2016",
      number         = "2",
      pages          = "024917",
      doi            = "10.1103/PhysRevC.93.024917",
      eprint         = "1506.08951",
      archivePrefix  = "arXiv",
      primaryClass   = "nucl-ex",
      reportNumber   = "CERN-PH-EP-2015-025",
      SLACcitation   = "%%CITATION = ARXIV:1506.08951;%%"
}
@article{Adam:2015gda,
      author         = "Adam, Jaroslav and others",
      title          = "{Multiplicity and transverse momentum evolution of
                        charge-dependent correlations in pp, p?Pb, and Pb?Pb
                        collisions at the LHC}",
      collaboration  = "ALICE",
      journal        = "Eur. Phys. J.",
      volume         = "C76",
      year           = "2016",
      number         = "2",
      pages          = "86",
      doi            = "10.1140/epjc/s10052-016-3915-1",
      eprint         = "1509.07255",
      archivePrefix  = "arXiv",
      primaryClass   = "nucl-ex",
      reportNumber   = "CERN-PH-EP-2015-263",
      SLACcitation   = "%%CITATION = ARXIV:1509.07255;%%"
}
@article{Adam:2015vna,
      author         = "Adam, Jaroslav and others",
      title          = "{Centrality dependence of pion freeze-out radii in Pb-Pb
                        collisions at $\sqrt{s}_{NN}=$ 2.76 TeV}",
      collaboration  = "ALICE",
      journal        = "Phys. Rev.",
      volume         = "C93",
      year           = "2016",
      number         = "2",
      pages          = "024905",
      doi            = "10.1103/PhysRevC.93.024905",
      eprint         = "1507.06842",
      archivePrefix  = "arXiv",
      primaryClass   = "nucl-ex",
      reportNumber   = "CERN-PH-EP-2015-140",
      SLACcitation   = "%%CITATION = ARXIV:1507.06842;%%"
}
@article{Adam:2015lda,
      author         = "Adam, Jaroslav and others",
      title          = "{Direct photon production in Pb-Pb collisions at
                        $\sqrt{s_\rm{NN}} =$ 2.76 TeV}",
      collaboration  = "ALICE",
      journal        = "Phys. Lett.",
      volume         = "B754",
      year           = "2016",
      pages          = "235-248",
      doi            = "10.1016/j.physletb.2016.01.020",
      eprint         = "1509.07324",
      archivePrefix  = "arXiv",
      primaryClass   = "nucl-ex",
      reportNumber   = "CERN-PH-EP-2015-254, ALICE-PUBLIC-2015-007",
      SLACcitation   = "%%CITATION = ARXIV:1509.07324;%%"
}
@article{Adam:2015bka,
      author         = "Adam, Jaroslav and others",
      title          = "{Forward-central two-particle correlations in p-Pb
                        collisions at $\sqrt{s_{\rm NN}}$ = 5.02 TeV}",
      collaboration  = "ALICE",
      journal        = "Phys. Lett.",
      volume         = "B753",
      year           = "2016",
      pages          = "126-139",
      doi            = "10.1016/j.physletb.2015.12.010",
      eprint         = "1506.08032",
      archivePrefix  = "arXiv",
      primaryClass   = "nucl-ex",
      reportNumber   = "CERN-PH-EP-2015-155",
      SLACcitation   = "%%CITATION = ARXIV:1506.08032;%%"
}
@article{Adam:2015kda,
      author         = "Adam, Jaroslav and others",
      title          = "{Centrality evolution of the charged-particle
                        pseudorapidity density over a broad pseudorapidity range
                        in Pb-Pb collisions at $\sqrt{s_{\rm NN}} =$ 2.76 TeV}",
      collaboration  = "ALICE",
      journal        = "Phys. Lett.",
      volume         = "B754",
      year           = "2016",
      pages          = "373-385",
      doi            = "10.1016/j.physletb.2015.12.082",
      eprint         = "1509.07299",
      archivePrefix  = "arXiv",
      primaryClass   = "nucl-ex",
      reportNumber   = "CERN-PH-EP-2015-257, ALICE-PUBLIC-2015-010",
      SLACcitation   = "%%CITATION = ARXIV:1509.07299;%%"
}
@article{ALICE:2015wfa,
      author         = "Adam, Jaroslav and others",
      title          = "{Study of cosmic ray events with high muon multiplicity
                        using the ALICE detector at the CERN Large Hadron
                        Collider}",
      collaboration  = "ALICE",
      journal        = "JCAP",
      volume         = "1601",
      year           = "2016",
      number         = "01",
      pages          = "032",
      doi            = "10.1088/1475-7516/2016/01/032",
      eprint         = "1507.07577",
      archivePrefix  = "arXiv",
      primaryClass   = "astro-ph.HE",
      reportNumber   = "CERN-PH-EP-2015-196, ALICE-PUBLIC-2016-003",
      SLACcitation   = "%%CITATION = ARXIV:1507.07577;%%"
}
@article{Adam:2015nca,
      author         = "Adam, Jaroslav and others",
      title          = "{Search for weakly decaying
                        $\overline{\Lambda\mathrm{n}}$ and $\Lambda\Lambda $
                        exotic bound states in central Pb-Pb collisions at
                        $\sqrt{s_{\rm NN}}$ = 2.76 TeV}",
      collaboration  = "ALICE",
      journal        = "Phys. Lett.",
      volume         = "B752",
      year           = "2016",
      pages          = "267-277",
      doi            = "10.1016/j.physletb.2015.11.048",
      eprint         = "1506.07499",
      archivePrefix  = "arXiv",
      primaryClass   = "nucl-ex",
      reportNumber   = "CERN-PH-EP-2015-069, CERN-PH-EP-2015-068",
      SLACcitation   = "%%CITATION = ARXIV:1506.07499;%%"
}
@article{Adam:2015yta,
      author         = "Adam, Jaroslav and others",
      title          = "{$^{3}_{\Lambda}\mathrm H$ and $^{3}_{\bar{\Lambda}}
                        \overline{\mathrm H}$ production in Pb-Pb collisions at
                        $\sqrt{s_{\rm NN}} =$ 2.76 TeV}",
      collaboration  = "ALICE",
      journal        = "Phys. Lett.",
      volume         = "B754",
      year           = "2016",
      pages          = "360-372",
      doi            = "10.1016/j.physletb.2016.01.040",
      eprint         = "1506.08453",
      archivePrefix  = "arXiv",
      primaryClass   = "nucl-ex",
      reportNumber   = "CERN-PH-EP-2015-105",
      SLACcitation   = "%%CITATION = ARXIV:1506.08453;%%"
}