%======== -o- Data Samples, Event and Track Selections -o- ========

@article{Sjostrand:2006za,
      author         = "Sjostrand, Torbjorn and Mrenna, Stephen and Skands, Peter
                        Z.",
      title          = "{PYTHIA 6.4 Physics and Manual}",
      journal        = "JHEP",
      volume         = "05",
      year           = "2006",
      pages          = "026",
      doi            = "10.1088/1126-6708/2006/05/026",
      eprint         = "hep-ph/0603175",
      archivePrefix  = "arXiv",
      primaryClass   = "hep-ph",
      reportNumber   = "FERMILAB-PUB-06-052-CD-T, LU-TP-06-13",
      SLACcitation   = "%%CITATION = HEP-PH/0603175;%%"
}

@inproceedings{Skands:2009zm,
      author         = "Skands, Peter Z.",
      title          = "{The Perugia Tunes}",
      booktitle      = "{Proceedings, 1st International Workshop on Multiple
                        Partonic Interactions at the LHC (MPI08): Perugia, Italy,
                        October 27-31, 2008}",
      url            = "http://lss.fnal.gov/cgi-bin/find_paper.pl?conf-09-113",
      year           = "2009",
      pages          = "284-297",
      eprint         = "0905.3418",
      archivePrefix  = "arXiv",
      primaryClass   = "hep-ph",
      reportNumber   = "FERMILAB-CONF-09-113-T",
      SLACcitation   = "%%CITATION = ARXIV:0905.3418;%%"
}

@article{Skands:2010ak,
      author         = "Skands, Peter Zeiler",
      title          = "{Tuning Monte Carlo Generators: The Perugia Tunes}",
      journal        = "Phys. Rev.",
      volume         = "D82",
      year           = "2010",
      pages          = "074018",
      doi            = "10.1103/PhysRevD.82.074018",
      eprint         = "1005.3457",
      archivePrefix  = "arXiv",
      primaryClass   = "hep-ph",
      reportNumber   = "MCNET-10-08, CERN-PH-TH-2010-113",
      SLACcitation   = "%%CITATION = ARXIV:1005.3457;%%"
}

@article{Brun:1994aa,
      author         = "Brun, Ren√© and Bruyant, F. and Carminati, Federico and
                        Giani, Simone and Maire, M. and McPherson, A. and Patrick,
                        G. and Urban, L.",
      title          = "{GEANT Detector Description and Simulation Tool}",
      year           = "1994",
      reportNumber   = "CERN-W5013, CERN-W-5013, W5013, W-5013",
      SLACcitation   = "%%CITATION = CERN-W5013;%%"
}

%--------------- Event and Track Selection ---------------

@article{Aamodt:2010my,
      author         = "Aamodt, K and others",
      title          = "{Transverse momentum spectra of charged particles in
                        proton-proton collisions at $\sqrt{s} = 900$~GeV with
                        ALICE at the LHC}",
      collaboration  = "ALICE",
      journal        = "Phys. Lett.",
      volume         = "B693",
      year           = "2010",
      pages          = "53-68",
      doi            = "10.1016/j.physletb.2010.08.026",
      eprint         = "1007.0719",
      archivePrefix  = "arXiv",
      primaryClass   = "hep-ex",
      SLACcitation   = "%%CITATION = ARXIV:1007.0719;%%"
}
