%======== -o- Event Shapes Definitions -o- ========

@article{Banfi:2010xy,
      author         = "Banfi, Andrea and Salam, Gavin P. and Zanderighi, Giulia",
      title          = "{Phenomenology of event shapes at hadron colliders}",
      journal        = "JHEP",
      volume         = "06",
      year           = "2010",
      pages          = "038",
      doi            = "10.1007/JHEP06(2010)038",
      eprint         = "1001.4082",
      archivePrefix  = "arXiv",
      primaryClass   = "hep-ph",
      SLACcitation   = "%%CITATION = ARXIV:1001.4082;%%"
}

@article{Banfi:2004nk,
      author         = "Banfi, Andrea and Salam, Gavin P. and Zanderighi, Giulia",
      title          = "{Resummed event shapes at hadron - hadron colliders}",
      journal        = "JHEP",
      volume         = "08",
      year           = "2004",
      pages          = "062",
      doi            = "10.1088/1126-6708/2004/08/062",
      eprint         = "hep-ph/0407287",
      archivePrefix  = "arXiv",
      primaryClass   = "hep-ph",
      reportNumber   = "FERMILAB-PUB-04-117-T, LPTHE-04-18, NIKHEF-2004-006",
      SLACcitation   = "%%CITATION = HEP-PH/0407287;%%"
}
@article{Cuautle:2014yda,
      author         = "Cuautle, Eleazar and Jimenez, Raul and Maldonado, Ivonne
                        and Ortiz, Antonio and Paic, Guy and Perez, Edgar",
      title          = "{Disentangling the soft and hard components of the pp
                        collisions using the sphero(i)city approach}",
      year           = "2014",
      eprint         = "1404.2372",
      archivePrefix  = "arXiv",
      primaryClass   = "hep-ph",
      SLACcitation   = "%%CITATION = ARXIV:1404.2372;%%"
}

@article{Aad:2012fza,
      author         = "Aad, Georges and others",
      title          = "{Measurement of charged-particle event shape variables in
                        $\sqrt{s}=7$ TeV proton-proton interactions with the ATLAS
                        detector}",
      collaboration  = "ATLAS",
      journal        = "Phys. Rev.",
      volume         = "D88",
      year           = "2013",
      number         = "3",
      pages          = "032004",
      doi            = "10.1103/PhysRevD.88.032004",
      eprint         = "1207.6915",
      archivePrefix  = "arXiv",
      primaryClass   = "hep-ex",
      reportNumber   = "CERN-PH-EP-2012-178",
      SLACcitation   = "%%CITATION = ARXIV:1207.6915;%%"
}

@article{Farhi:1977sg,
      author         = "Farhi, Edward",
      title          = "{A QCD Test for Jets}",
      journal        = "Phys. Rev. Lett.",
      volume         = "39",
      year           = "1977",
      pages          = "1587-1588",
      doi            = "10.1103/PhysRevLett.39.1587",
      reportNumber   = "HUTP-77-A059",
      SLACcitation   = "%%CITATION = PRLTA,39,1587;%%"
}

@article{Salam:2009jx,
      author         = "Salam, Gavin P.",
      title          = "{Towards Jetography}",
      booktitle      = "{2008 CTEQ-MCnet Summer School on QCD Phenomenology and
                        Monte Carlo Event Generators (MCnet 08) (CTEQ 08)
                        Debrecen, Hungary, August 8-16, 2008}",
      journal        = "Eur. Phys. J.",
      volume         = "C67",
      year           = "2010",
      pages          = "637-686",
      doi            = "10.1140/epjc/s10052-010-1314-6",
      eprint         = "0906.1833",
      archivePrefix  = "arXiv",
      primaryClass   = "hep-ph",
      SLACcitation   = "%%CITATION = ARXIV:0906.1833;%%"
}

@inproceedings{Dissertori:2008es,
      author         = "Dissertori, G. and Moortgat, F. and Weber, M. A.",
      title          = "{Hadronic Event-Shape Variables at CMS}",
      booktitle      = "{Proceedings, 34th International Conference on High
                        Energy Physics (ICHEP 2008): Philadelphia, Pennsylvania,
                        July 30-August 5, 2008}",
      url            = "https://inspirehep.net/record/799833/files/arXiv:0810.3208.pdf",
      year           = "2008",
      eprint         = "0810.3208",
      archivePrefix  = "arXiv",
      primaryClass   = "hep-ph",
      SLACcitation   = "%%CITATION = ARXIV:0810.3208;%%"
}

