%======== -o- Multiplicity Definitions -o- ========

@article{Abelev:2012rz,
      author         = "Abelev, B. and others",
      title          = "{$J/\psi$ Production as a Function of Charged Particle
                        Multiplicity in $pp$ Collisions at $\sqrt{s} = 7$ TeV}",
      collaboration  = "ALICE",
      journal        = "Phys. Lett.",
      volume         = "B712",
      year           = "2012",
      pages          = "165-175",
      doi            = "10.1016/j.physletb.2012.04.052",
      eprint         = "1202.2816",
      archivePrefix  = "arXiv",
      primaryClass   = "hep-ex",
      SLACcitation   = "%%CITATION = ARXIV:1202.2816;%%"
}

@article{Aamodt:2009aa,
      author         = "Aamodt, K and others",
      title          = "{First proton-proton collisions at the LHC as observed
                        with the ALICE detector: Measurement of the charged
                        particle pseudorapidity density at $\sqrt{s} = 900$ GeV}",
      collaboration  = "ALICE",
      journal        = "Eur. Phys. J.",
      volume         = "C65",
      year           = "2010",
      pages          = "111-125",
      doi            = "10.1140/epjc/s10052-009-1227-4",
      eprint         = "0911.5430",
      archivePrefix  = "arXiv",
      primaryClass   = "hep-ex",
      SLACcitation   = "%%CITATION = ARXIV:0911.5430;%%"
}

@article{Aamodt:2010ft,
      author         = "Aamodt, K. and others",
      title          = "{Charged-particle multiplicity measurement in
                        proton-proton collisions at $\sqrt{s}=0.9$ and 2.36 TeV
                        with ALICE at LHC}",
      collaboration  = "ALICE",
      journal        = "Eur. Phys. J.",
      volume         = "C68",
      year           = "2010",
      pages          = "89-108",
      doi            = "10.1140/epjc/s10052-010-1339-x",
      eprint         = "1004.3034",
      archivePrefix  = "arXiv",
      primaryClass   = "hep-ex",
      SLACcitation   = "%%CITATION = ARXIV:1004.3034;%%"
}

@article{Adam:2015ota,
      author         = "Adam, Jaroslav and others",
      title          = "{Measurement of charm and beauty production at central
                        rapidity versus charged-particle multiplicity in
                        proton-proton collisions at $ \sqrt{s}=7 $ TeV}",
      collaboration  = "ALICE",
      journal        = "JHEP",
      volume         = "09",
      year           = "2015",
      pages          = "148",
      doi            = "10.1007/JHEP09(2015)148",
      eprint         = "1505.00664",
      archivePrefix  = "arXiv",
      primaryClass   = "nucl-ex",
      reportNumber   = "CERN-PH-EP-2015-091",
      SLACcitation   = "%%CITATION = ARXIV:1505.00664;%%"
}

@article{ALICE:2012xs,
      author         = "Abelev, Betty and others",
      title          = "{Pseudorapidity density of charged particles in $p$ + Pb
                        collisions at $\sqrt{s_{NN}}=5.02$ TeV}",
      collaboration  = "ALICE",
      journal        = "Phys. Rev. Lett.",
      volume         = "110",
      year           = "2013",
      number         = "3",
      pages          = "032301",
      doi            = "10.1103/PhysRevLett.110.032301",
      eprint         = "1210.3615",
      archivePrefix  = "arXiv",
      primaryClass   = "nucl-ex",
      reportNumber   = "CERN-PH-EP-2012-307",
      SLACcitation   = "%%CITATION = ARXIV:1210.3615;%%"
}

@article{Adam:2015pza,
      author         = "Adam, Jaroslav and others",
      title          = "{Pseudorapidity and transverse-momentum distributions of
                        charged particles in proton?proton collisions at $\sqrt
                        s=$ 13 TeV}",
      collaboration  = "ALICE",
      journal        = "Phys. Lett.",
      volume         = "B753",
      year           = "2016",
      pages          = "319-329",
      doi            = "10.1016/j.physletb.2015.12.030",
      eprint         = "1509.08734",
      archivePrefix  = "arXiv",
      primaryClass   = "nucl-ex",
      reportNumber   = "CERN-PH-EP-2015-270, ALICE-PUBLIC-2015-005",
      SLACcitation   = "%%CITATION = ARXIV:1509.08734;%%"
}

@article{Aamodt:2010pp,
      author         = "Aamodt, K. and others",
      title          = "{Charged-particle multiplicity measurement in
                        proton-proton collisions at $\sqrt{s}=7$ TeV with ALICE at
                        LHC}",
      collaboration  = "ALICE",
      journal        = "Eur. Phys. J.",
      volume         = "C68",
      year           = "2010",
      pages          = "345-354",
      doi            = "10.1140/epjc/s10052-010-1350-2",
      eprint         = "1004.3514",
      archivePrefix  = "arXiv",
      primaryClass   = "hep-ex",
      SLACcitation   = "%%CITATION = ARXIV:1004.3514;%%"
}
