%======== -o- Introduction -o- ========

@article{ALICE:2011aa,
      author         = "Abelev, B. and others",
      title          = "{Measurement of charm production at central rapidity in
                        proton-proton collisions at $\sqrt{s} = 7$ TeV}",
      collaboration  = "ALICE",
      journal        = "JHEP",
      volume         = "01",
      year           = "2012",
      pages          = "128",
      doi            = "10.1007/JHEP01(2012)128",
      eprint         = "1111.1553",
      archivePrefix  = "arXiv",
      primaryClass   = "hep-ex",
      reportNumber   = "CERN-PH-EP-2011-181",
      SLACcitation   = "%%CITATION = ARXIV:1111.1553;%%"
}

@article{Abelev:2012vra,
      author         = "Abelev, Betty and others",
      title          = "{Measurement of charm production at central rapidity in
                        proton-proton collisions at $\sqrt{s}=2.76$ TeV}",
      collaboration  = "ALICE",
      journal        = "JHEP",
      volume         = "07",
      year           = "2012",
      pages          = "191",
      doi            = "10.1007/JHEP07(2012)191",
      eprint         = "1205.4007",
      archivePrefix  = "arXiv",
      primaryClass   = "hep-ex",
      reportNumber   = "CERN-PH-EP-2012-133",
      SLACcitation   = "%%CITATION = ARXIV:1205.4007;%%"
}

@article{Aaij:2013mga,
      author         = "Aaij, R and others",
      title          = "{Prompt charm production in pp collisions at sqrt(s)=7
                        TeV}",
      collaboration  = "LHCb",
      journal        = "Nucl. Phys.",
      volume         = "B871",
      year           = "2013",
      pages          = "1-20",
      doi            = "10.1016/j.nuclphysb.2013.02.010",
      eprint         = "1302.2864",
      archivePrefix  = "arXiv",
      primaryClass   = "hep-ex",
      reportNumber   = "LHCB-PAPER-2012-041, CERN-PH-EP-2013-009",
      SLACcitation   = "%%CITATION = ARXIV:1302.2864;%%"
}

@article{Collins:1989gx,
      author         = "Collins, John C. and Soper, Davison E. and Sterman,
                        George F.",
      title          = "{Factorization of Hard Processes in QCD}",
      journal        = "Adv. Ser. Direct. High Energy Phys.",
      volume         = "5",
      year           = "1989",
      pages          = "1-91",
      doi            = "10.1142/9789814503266_0001",
      eprint         = "hep-ph/0409313",
      archivePrefix  = "arXiv",
      primaryClass   = "hep-ph",
      reportNumber   = "ITP-SB-89-31",
      SLACcitation   = "%%CITATION = HEP-PH/0409313;%%"
}

@article{Catani:1990eg,
      author         = "Catani, S. and Ciafaloni, M. and Hautmann, F.",
      title          = "{High-energy factorization and small x heavy flavor
                        production}",
      journal        = "Nucl. Phys.",
      volume         = "B366",
      year           = "1991",
      pages          = "135-188",
      doi            = "10.1016/0550-3213(91)90055-3",
      reportNumber   = "CAVENDISH-HEP-90-27",
      SLACcitation   = "%%CITATION = NUPHA,B366,135;%%"
}

@article{Kniehl:2004fy,
      author         = "Kniehl, B. A. and Kramer, G. and Schienbein, I. and
                        Spiesberger, H.",
      title          = "{Inclusive D*+- production in p anti-p collisions with
                        massive charm quarks}",
      journal        = "Phys. Rev.",
      volume         = "D71",
      year           = "2005",
      pages          = "014018",
      doi            = "10.1103/PhysRevD.71.014018",
      eprint         = "hep-ph/0410289",
      archivePrefix  = "arXiv",
      primaryClass   = "hep-ph",
      reportNumber   = "DESY-04-172, MZ-TH-04-07",
      SLACcitation   = "%%CITATION = HEP-PH/0410289;%%"
}

@article{Kniehl:2005mk,
      author         = "Kniehl, B. A. and Kramer, G. and Schienbein, I. and
                        Spiesberger, H.",
      title          = "{Collinear subtractions in hadroproduction of heavy
                        quarks}",
      journal        = "Eur. Phys. J.",
      volume         = "C41",
      year           = "2005",
      pages          = "199-212",
      doi            = "10.1140/epjc/s2005-02200-7",
      eprint         = "hep-ph/0502194",
      archivePrefix  = "arXiv",
      primaryClass   = "hep-ph",
      reportNumber   = "DESY-05-030, MZ-TH-05-04",
      SLACcitation   = "%%CITATION = HEP-PH/0502194;%%"
}

@article{Kniehl:2012ti,
      author         = "Kniehl, B. A. and Kramer, G. and Schienbein, I. and
                        Spiesberger, H.",
      title          = "{Inclusive Charmed-Meson Production at the CERN LHC}",
      journal        = "Eur. Phys. J.",
      volume         = "C72",
      year           = "2012",
      pages          = "2082",
      doi            = "10.1140/epjc/s10052-012-2082-2",
      eprint         = "1202.0439",
      archivePrefix  = "arXiv",
      primaryClass   = "hep-ph",
      reportNumber   = "DESY-12-013, MZ-TH-12-07, LPSC-12019",
      SLACcitation   = "%%CITATION = ARXIV:1202.0439;%%"
}

@article{Cacciari:1998it,
      author         = "Cacciari, Matteo and Greco, Mario and Nason, Paolo",
      title          = "{The P(T) spectrum in heavy flavor hadroproduction}",
      journal        = "JHEP",
      volume         = "05",
      year           = "1998",
      pages          = "007",
      doi            = "10.1088/1126-6708/1998/05/007",
      eprint         = "hep-ph/9803400",
      archivePrefix  = "arXiv",
      primaryClass   = "hep-ph",
      reportNumber   = "CERN-TH-98-77, LPTHE-ORSAY-98-11, IFUM-613-FT,
                        LNF-98-008-P",
      SLACcitation   = "%%CITATION = HEP-PH/9803400;%%"
}

@article{Cacciari:2012ny,
      author         = "Cacciari, Matteo and Frixione, Stefano and Houdeau,
                        Nicolas and Mangano, Michelangelo L. and Nason, Paolo and
                        Ridolfi, Giovanni",
      title          = "{Theoretical predictions for charm and bottom production
                        at the LHC}",
      journal        = "JHEP",
      volume         = "10",
      year           = "2012",
      pages          = "137",
      doi            = "10.1007/JHEP10(2012)137",
      eprint         = "1205.6344",
      archivePrefix  = "arXiv",
      primaryClass   = "hep-ph",
      reportNumber   = "CERN-PH-TH-2011-227",
      SLACcitation   = "%%CITATION = ARXIV:1205.6344;%%"
}

@article{Maciula:2013wg,
      author         = "Maciula, Rafal and Szczurek, Antoni",
      title          = "{Open charm production at the LHC - $k_{t}$-factorization
                        approach}",
      journal        = "Phys. Rev.",
      volume         = "D87",
      year           = "2013",
      number         = "9",
      pages          = "094022",
      doi            = "10.1103/PhysRevD.87.094022",
      eprint         = "1301.3033",
      archivePrefix  = "arXiv",
      primaryClass   = "hep-ph",
      SLACcitation   = "%%CITATION = ARXIV:1301.3033;%%"
}

@article{Acosta:2003ax,
      author         = "Acosta, D. and others",
      title          = "{Measurement of prompt charm meson production cross
                        sections in $p\bar{p}$ collisions at $\sqrt{s} = 1.96$
                        TeV}",
      collaboration  = "CDF",
      journal        = "Phys. Rev. Lett.",
      volume         = "91",
      year           = "2003",
      pages          = "241804",
      doi            = "10.1103/PhysRevLett.91.241804",
      eprint         = "hep-ex/0307080",
      archivePrefix  = "arXiv",
      primaryClass   = "hep-ex",
      reportNumber   = "FERMILAB-PUB-03-217-E",
      SLACcitation   = "%%CITATION = HEP-EX/0307080;%%"
}

@article{Frankfurt:2010ea,
      author         = "Frankfurt, L. and Strikman, M. and Weiss, C.",
      title          = "{Transverse nucleon structure and diagnostics of hard
                        parton-parton processes at LHC}",
      journal        = "Phys. Rev.",
      volume         = "D83",
      year           = "2011",
      pages          = "054012",
      doi            = "10.1103/PhysRevD.83.054012",
      eprint         = "1009.2559",
      archivePrefix  = "arXiv",
      primaryClass   = "hep-ph",
      reportNumber   = "JLAB-THY-10-1228",
      SLACcitation   = "%%CITATION = ARXIV:1009.2559;%%"
}

@article{Strikman:2011zz,
      author         = "Strikman, Mark",
      title          = "{Transverse structure of the nucleon and multiparton
                        interactions}",
      booktitle      = "{High energy strong interactions. Proceedings,
                        International Symposium, HESI10, Kyoto, Japan, August
                        9-13, 2010}",
      journal        = "Prog. Theor. Phys. Suppl.",
      volume         = "187",
      year           = "2011",
      pages          = "289-296",
      doi            = "10.1143/PTPS.187.289",
      SLACcitation   = "%%CITATION = PTPSA,187,289;%%"
}

@article{Gribov:1962fx,
      author         = "Gribov, V. N.",
      title          = "{Analytic properties of the partial wave amplitudes and
                        the asymptotic behavior of the scattering amplitude}",
      journal        = "Sov. Phys. JETP",
      volume         = "15",
      year           = "1962",
      pages          = "873",
      doi            = "10.1016/0029-5582(63)90256-6",
      note           = "[Nucl. Phys.40,107(1963)]",
      SLACcitation   = "%%CITATION = SPHJA,15,873;%%"
}

@article{Block:1984ru,
      author         = "Block, M. M. and Cahn, R. N.",
      title          = "{High-Energy $p \bar{p}$ and $p p$ Forward Elastic
                        Scattering and Total Cross-Sections}",
      journal        = "Rev. Mod. Phys.",
      volume         = "57",
      year           = "1985",
      pages          = "563",
      doi            = "10.1103/RevModPhys.57.563",
      reportNumber   = "LBL-17522",
      SLACcitation   = "%%CITATION = RMPHA,57,563;%%"
}

@article{Dremin:2013qua,
      author         = "Dremin, I. M. and Nechitailo, V. A.",
      title          = "{Proton periphery activated by multiparticle dynamics}",
      journal        = "Nucl. Phys.",
      volume         = "A916",
      year           = "2013",
      pages          = "241-248",
      doi            = "10.1016/j.nuclphysa.2013.08.009",
      eprint         = "1306.5384",
      archivePrefix  = "arXiv",
      primaryClass   = "hep-ph",
      SLACcitation   = "%%CITATION = ARXIV:1306.5384;%%"
}

@article{AguilarBenitez:1988js,
      author         = "Aguilar-Benitez, M. and others",
      title          = "{Comparative Properties of 400-{GeV}/$c$ Proton - Proton
                        Interactions With and Without Charm Production}",
      collaboration  = "LEBC-EHS",
      journal        = "Z. Phys.",
      volume         = "C41",
      year           = "1988",
      pages          = "191",
      doi            = "10.1007/BF01566916",
      reportNumber   = "CERN-EP-88-77",
      SLACcitation   = "%%CITATION = ZEPYA,C41,191;%%"
}

@proceedings{Bartalini:2010su,
      editor         = "Bartalini, Paolo and Fano, Livio",
      title          = "{Proceedings, 1st International Workshop on Multiple
                        Partonic Interactions at the LHC (MPI08)}",
      url            = "http://inspirehep.net/record/849580/files/arXiv:1003.4220.pdf",
      year           = "2010",
      eprint         = "1003.4220",
      archivePrefix  = "arXiv",
      primaryClass   = "hep-ex",
      reportNumber   = "DESY-PROC-2009-06",
      SLACcitation   = "%%CITATION = ARXIV:1003.4220;%%"
}

@article{Sjostrand:1987su,
      author         = "Sjostrand, Torbjorn and van Zijl, Maria",
      title          = "{A Multiple Interaction Model for the Event Structure in
                        Hadron Collisions}",
      journal        = "Phys. Rev.",
      volume         = "D36",
      year           = "1987",
      pages          = "2019",
      doi            = "10.1103/PhysRevD.36.2019",
      reportNumber   = "LU-TP-87-5",
      SLACcitation   = "%%CITATION = PHRVA,D36,2019;%%"
}

@article{Porteboeuf:2010dw,
      author         = "Porteboeuf, S. and Granier de Cassagnac, R.",
      title          = "{$J/\Psi$ yield vs. multiplicity in proton-proton
                        collisions at the LHC}",
      booktitle      = "{Three days of quarkonium production in proton-proton and
                        proton-nucleus collisions. Proceedings, Workshop,
                        Quarkonium 2010, Palaiseau, France, July 29-31, 2010}",
      journal        = "Nucl. Phys. Proc. Suppl.",
      volume         = "214",
      year           = "2011",
      pages          = "181-184",
      doi            = "10.1016/j.nuclphysbps.2011.03.082",
      eprint         = "1012.0719",
      archivePrefix  = "arXiv",
      primaryClass   = "hep-ex",
      SLACcitation   = "%%CITATION = ARXIV:1012.0719;%%"
}

@article{Weber:2017kjj,
      author         = "Weber, Steffen Georg",
      title          = "{Measurement of J/? production in pp collisions at LHC
                        energies with ALICE}",
      booktitle      = "{Proceedings, Hot Quarks 2016: Workshop for Young
                        Scientists on the Physics of Ultrarelativistic
                        Nucleus-Nucleus Collisions (HQ2016): South Padre Island,
                        Texas, September 12-17, 2016}",
      collaboration  = "ALICE",
      journal        = "J. Phys. Conf. Ser.",
      volume         = "832",
      year           = "2017",
      number         = "1",
      pages          = "012029",
      doi            = "10.1088/1742-6596/832/1/012029",
      eprint         = "1704.04627",
      archivePrefix  = "arXiv",
      primaryClass   = "hep-ex",
      SLACcitation   = "%%CITATION = ARXIV:1704.04627;%%"
}

@article{Chatrchyan:2013ala,
      author         = "Chatrchyan, Serguei and others",
      title          = "{Jet and underlying event properties as a function of
                        charged-particle multiplicity in proton?proton
                        collisions at $\sqrt{s}$ = 7 TeV}",
      collaboration  = "CMS",
      journal        = "Eur. Phys. J.",
      volume         = "C73",
      year           = "2013",
      number         = "12",
      pages          = "2674",
      doi            = "10.1140/epjc/s10052-013-2674-5",
      eprint         = "1310.4554",
      archivePrefix  = "arXiv",
      primaryClass   = "hep-ex",
      reportNumber   = "CMS-FSQ-12-022, CERN-PH-EP-2013-195",
      SLACcitation   = "%%CITATION = ARXIV:1310.4554;%%"
}

@article{ALICE:2011ac,
      author         = "Abelev, Betty and others",
      title          = "{Underlying Event measurements in $pp$ collisions at
                        $\sqrt{s}=0.9$ and 7 TeV with the ALICE experiment at the
                        LHC}",
      collaboration  = "ALICE",
      journal        = "JHEP",
      volume         = "07",
      year           = "2012",
      pages          = "116",
      doi            = "10.1007/JHEP07(2012)116",
      eprint         = "1112.2082",
      archivePrefix  = "arXiv",
      primaryClass   = "hep-ex",
      reportNumber   = "CERN-PH-EP-2011-204",
      SLACcitation   = "%%CITATION = ARXIV:1112.2082;%%"
}

@article{Abelev:2013sqa,
      author         = "Abelev, Betty and others",
      title          = "{Multiplicity dependence of two-particle azimuthal
                        correlations in pp collisions at the LHC}",
      collaboration  = "ALICE",
      journal        = "JHEP",
      volume         = "09",
      year           = "2013",
      pages          = "049",
      doi            = "10.1007/JHEP09(2013)049",
      eprint         = "1307.1249",
      archivePrefix  = "arXiv",
      primaryClass   = "nucl-ex",
      reportNumber   = "CERN-PH-EP-2013-107",
      SLACcitation   = "%%CITATION = ARXIV:1307.1249;%%"
}

@article{Adam:2015ota,
      author         = "Adam, Jaroslav and others",
      title          = "{Measurement of charm and beauty production at central
                        rapidity versus charged-particle multiplicity in
                        proton-proton collisions at $ \sqrt{s}=7 $ TeV}",
      collaboration  = "ALICE",
      journal        = "JHEP",
      volume         = "09",
      year           = "2015",
      pages          = "148",
      doi            = "10.1007/JHEP09(2015)148",
      eprint         = "1505.00664",
      archivePrefix  = "arXiv",
      primaryClass   = "nucl-ex",
      reportNumber   = "CERN-PH-EP-2015-091",
      SLACcitation   = "%%CITATION = ARXIV:1505.00664;%%"
}

@article{Abelev:2012rz,
      author         = "Abelev, B. and others",
      title          = "{$J/\psi$ Production as a Function of Charged Particle
                        Multiplicity in $pp$ Collisions at $\sqrt{s} = 7$ TeV}",
      collaboration  = "ALICE",
      journal        = "Phys. Lett.",
      volume         = "B712",
      year           = "2012",
      pages          = "165-175",
      doi            = "10.1016/j.physletb.2012.04.052",
      eprint         = "1202.2816",
      archivePrefix  = "arXiv",
      primaryClass   = "hep-ex",
      SLACcitation   = "%%CITATION = ARXIV:1202.2816;%%"
}

@article{Aaij:2012dz,
      author         = "Aaij, R and others",
      title          = "{Observation of double charm production involving open
                        charm in pp collisions at $\sqrt{s}$ = 7 TeV}",
      collaboration  = "LHCb",
      journal        = "JHEP",
      volume         = "06",
      year           = "2012",
      pages          = "141",
      doi            = "10.1007/JHEP03(2014)108, 10.1007/JHEP06(2012)141",
      note           = "[Addendum: JHEP03,108(2014)]",
      eprint         = "1205.0975",
      archivePrefix  = "arXiv",
      primaryClass   = "hep-ex",
      reportNumber   = "CERN-PH-EP-2012-109, LHCB-PAPER-2012-003",
      SLACcitation   = "%%CITATION = ARXIV:1205.0975;%%"
}

@article{Aaij:2011yc,
      author         = "Aaij, R. and others",
      title          = "{Observation of $J/\psi$ pair production in $pp$
                        collisions at $\sqrt{s}=7 TeV$}",
      collaboration  = "LHCb",
      journal        = "Phys. Lett.",
      volume         = "B707",
      year           = "2012",
      pages          = "52-59",
      doi            = "10.1016/j.physletb.2011.12.015",
      eprint         = "1109.0963",
      archivePrefix  = "arXiv",
      primaryClass   = "hep-ex",
      reportNumber   = "LHCB-PAPER-2011-013, CERN-PH-EP-2011-135",
      SLACcitation   = "%%CITATION = ARXIV:1109.0963;%%"
}

@article{ALICE:2012xs,
      author         = "Abelev, Betty and others",
      title          = "{Pseudorapidity density of charged particles in $p$ + Pb
                        collisions at $\sqrt{s_{NN}}=5.02$ TeV}",
      collaboration  = "ALICE",
      journal        = "Phys. Rev. Lett.",
      volume         = "110",
      year           = "2013",
      number         = "3",
      pages          = "032301",
      doi            = "10.1103/PhysRevLett.110.032301",
      eprint         = "1210.3615",
      archivePrefix  = "arXiv",
      primaryClass   = "nucl-ex",
      reportNumber   = "CERN-PH-EP-2012-307",
      SLACcitation   = "%%CITATION = ARXIV:1210.3615;%%"
}

@article{ALICE:2012mj,
      author         = "Abelev, Betty and others",
      title          = "{Transverse momentum distribution and nuclear
                        modification factor of charged particles in $p$-Pb
                        collisions at $\sqrt{s_{NN}}=5.02$ TeV}",
      collaboration  = "ALICE",
      journal        = "Phys. Rev. Lett.",
      volume         = "110",
      year           = "2013",
      number         = "8",
      pages          = "082302",
      doi            = "10.1103/PhysRevLett.110.082302",
      eprint         = "1210.4520",
      archivePrefix  = "arXiv",
      primaryClass   = "nucl-ex",
      reportNumber   = "CERN-PH-EP-2012-306",
      SLACcitation   = "%%CITATION = ARXIV:1210.4520;%%"
}

@article{Adam:2015hoa,
      author         = "Adam, Jaroslav and others",
      title          = "{Measurement of charged jet production cross sections and
                        nuclear modification in p-Pb collisions at
                        $\sqrt{s_{\rm NN}} = 5.02$ TeV}",
      collaboration  = "ALICE",
      journal        = "Phys. Lett.",
      volume         = "B749",
      year           = "2015",
      pages          = "68-81",
      doi            = "10.1016/j.physletb.2015.07.054",
      eprint         = "1503.00681",
      archivePrefix  = "arXiv",
      primaryClass   = "nucl-ex",
      reportNumber   = "CERN-PH-EP-2015-040",
      SLACcitation   = "%%CITATION = ARXIV:1503.00681;%%"
}

@article{Bozek:2012gr,
      author         = "Bozek, Piotr and Broniowski, Wojciech",
      title          = "{Correlations from hydrodynamic flow in p-Pb collisions}",
      journal        = "Phys. Lett.",
      volume         = "B718",
      year           = "2013",
      pages          = "1557-1561",
      doi            = "10.1016/j.physletb.2012.12.051",
      eprint         = "1211.0845",
      archivePrefix  = "arXiv",
      primaryClass   = "nucl-th",
      SLACcitation   = "%%CITATION = ARXIV:1211.0845;%%"
}

@article{Shuryak:2013ke,
      author         = "Shuryak, Edward and Zahed, Ismail",
      title          = "{High-multiplicity pp and pA collisions: Hydrodynamics at
                        its edge}",
      journal        = "Phys. Rev.",
      volume         = "C88",
      year           = "2013",
      number         = "4",
      pages          = "044915",
      doi            = "10.1103/PhysRevC.88.044915",
      eprint         = "1301.4470",
      archivePrefix  = "arXiv",
      primaryClass   = "hep-ph",
      SLACcitation   = "%%CITATION = ARXIV:1301.4470;%%"
}

@article{CMS:2012qk,
      author         = "Chatrchyan, Serguei and others",
      title          = "{Observation of long-range near-side angular correlations
                        in proton-lead collisions at the LHC}",
      collaboration  = "CMS",
      journal        = "Phys. Lett.",
      volume         = "B718",
      year           = "2013",
      pages          = "795-814",
      doi            = "10.1016/j.physletb.2012.11.025",
      eprint         = "1210.5482",
      archivePrefix  = "arXiv",
      primaryClass   = "nucl-ex",
      reportNumber   = "CMS-HIN-12-005, CERN-PH-EP-2012-320, CMS-HIN-12-015",
      SLACcitation   = "%%CITATION = ARXIV:1210.5482;%%"
}

@article{Abelev:2012ola,
      author         = "Abelev, Betty and others",
      title          = "{Long-range angular correlations on the near and away
                        side in $p$-Pb collisions at $\sqrt{s_{NN}}=5.02$ TeV}",
      collaboration  = "ALICE",
      journal        = "Phys. Lett.",
      volume         = "B719",
      year           = "2013",
      pages          = "29-41",
      doi            = "10.1016/j.physletb.2013.01.012",
      eprint         = "1212.2001",
      archivePrefix  = "arXiv",
      primaryClass   = "nucl-ex",
      reportNumber   = "CERN-PH-EP-2012-359",
      SLACcitation   = "%%CITATION = ARXIV:1212.2001;%%"
}

@article{Chatrchyan:2013nka,
      author         = "Chatrchyan, Serguei and others",
      title          = "{Multiplicity and transverse momentum dependence of two-
                        and four-particle correlations in pPb and PbPb
                        collisions}",
      collaboration  = "CMS",
      journal        = "Phys. Lett.",
      volume         = "B724",
      year           = "2013",
      pages          = "213-240",
      doi            = "10.1016/j.physletb.2013.06.028",
      eprint         = "1305.0609",
      archivePrefix  = "arXiv",
      primaryClass   = "nucl-ex",
      reportNumber   = "CMS-HIN-13-002, CERN-PH-EP-2013-077",
      SLACcitation   = "%%CITATION = ARXIV:1305.0609;%%"
}

@article{Dusling:2012wy,
      author         = "Dusling, Kevin and Venugopalan, Raju",
      title          = "{Explanation of systematics of CMS p+Pb high multiplicity
                        di-hadron data at $\sqrt{s}_{\rm NN} = 5.02$ TeV}",
      journal        = "Phys. Rev.",
      volume         = "D87",
      year           = "2013",
      number         = "5",
      pages          = "054014",
      doi            = "10.1103/PhysRevD.87.054014",
      eprint         = "1211.3701",
      archivePrefix  = "arXiv",
      primaryClass   = "hep-ph",
      SLACcitation   = "%%CITATION = ARXIV:1211.3701;%%"
}

@article{Dusling:2013qoz,
      author         = "Dusling, Kevin and Venugopalan, Raju",
      title          = "{Comparison of the color glass condensate to dihadron
                        correlations in proton-proton and proton-nucleus
                        collisions}",
      journal        = "Phys. Rev.",
      volume         = "D87",
      year           = "2013",
      number         = "9",
      pages          = "094034",
      doi            = "10.1103/PhysRevD.87.094034",
      eprint         = "1302.7018",
      archivePrefix  = "arXiv",
      primaryClass   = "hep-ph",
      SLACcitation   = "%%CITATION = ARXIV:1302.7018;%%"
}

@article{Khachatryan:2016txc,
      author         = "Khachatryan, Vardan and others",
      title          = "{Evidence for collectivity in pp collisions at the LHC}",
      collaboration  = "CMS",
      journal        = "Phys. Lett.",
      volume         = "B765",
      year           = "2017",
      pages          = "193-220",
      doi            = "10.1016/j.physletb.2016.12.009",
      eprint         = "1606.06198",
      archivePrefix  = "arXiv",
      primaryClass   = "nucl-ex",
      reportNumber   = "CMS-HIN-16-010, CERN-EP-2016-147",
      SLACcitation   = "%%CITATION = ARXIV:1606.06198;%%"
}

@article{Abelev:2013haa,
      author         = "Abelev, Betty Bezverkhny and others",
      title          = "{Multiplicity Dependence of Pion, Kaon, Proton and Lambda
                        Production in p-Pb Collisions at $\sqrt{s_{NN}}$ = 5.02
                        TeV}",
      collaboration  = "ALICE",
      journal        = "Phys. Lett.",
      volume         = "B728",
      year           = "2014",
      pages          = "25-38",
      doi            = "10.1016/j.physletb.2013.11.020",
      eprint         = "1307.6796",
      archivePrefix  = "arXiv",
      primaryClass   = "nucl-ex",
      reportNumber   = "CERN-PH-EP-2013-135",
      SLACcitation   = "%%CITATION = ARXIV:1307.6796;%%"
}

@article{Adam:2016dau,
      author         = "Adam, Jaroslav and others",
      title          = "{Multiplicity dependence of charged pion, kaon, and
                        (anti)proton production at large transverse momentum in
                        p-Pb collisions at $\mathbf{\sqrt{{\textit s}_{\rm NN}}}$
                        = 5.02 TeV}",
      collaboration  = "ALICE",
      journal        = "Phys. Lett.",
      volume         = "B760",
      year           = "2016",
      pages          = "720-735",
      doi            = "10.1016/j.physletb.2016.07.050",
      eprint         = "1601.03658",
      archivePrefix  = "arXiv",
      primaryClass   = "nucl-ex",
      reportNumber   = "CERN-EP-2016-003",
      SLACcitation   = "%%CITATION = ARXIV:1601.03658;%%"
}

@article{ABELEV:2013wsa,
      author         = "Abelev, Betty Bezverkhny and others",
      title          = "{Long-range angular correlations of $\rm \pi$, K and p in
                        p-Pb collisions at $\sqrt{s_{\rm NN}}$ = 5.02 TeV}",
      collaboration  = "ALICE",
      journal        = "Phys. Lett.",
      volume         = "B726",
      year           = "2013",
      pages          = "164-177",
      doi            = "10.1016/j.physletb.2013.08.024",
      eprint         = "1307.3237",
      archivePrefix  = "arXiv",
      primaryClass   = "nucl-ex",
      reportNumber   = "CERN-PH-EP-2013-115",
      SLACcitation   = "%%CITATION = ARXIV:1307.3237;%%"
}

@article{ALICE:2017jyt,
      author         = "Adam, Jaroslav and others",
      title          = "{Enhanced production of multi-strange hadrons in
                        high-multiplicity proton-proton collisions}",
      collaboration  = "ALICE",
      journal        = "Nature Phys.",
      volume         = "13",
      year           = "2017",
      pages          = "535-539",
      doi            = "10.1038/nphys4111",
      eprint         = "1606.07424",
      archivePrefix  = "arXiv",
      primaryClass   = "nucl-ex",
      reportNumber   = "CERN-EP-2016-153",
      SLACcitation   = "%%CITATION = ARXIV:1606.07424;%%"
}

@article{Adam:2015vsf,
      author         = "Adam, Jaroslav and others",
      title          = "{Multi-strange baryon production in p-Pb collisions at
                        $\sqrt{s_\mathbf{NN}}=5.02$ TeV}",
      collaboration  = "ALICE",
      journal        = "Phys. Lett.",
      volume         = "B758",
      year           = "2016",
      pages          = "389-401",
      doi            = "10.1016/j.physletb.2016.05.027",
      eprint         = "1512.07227",
      archivePrefix  = "arXiv",
      primaryClass   = "nucl-ex",
      reportNumber   = "CERN-PH-EP-2015-327",
      SLACcitation   = "%%CITATION = ARXIV:1512.07227;%%"
}

@article{Bierlich:2015rha,
      author         = "Bierlich, Christian and Christiansen, Jesper Roy",
      title          = "{Effects of color reconnection on hadron flavor
                        observables}",
      journal        = "Phys. Rev.",
      volume         = "D92",
      year           = "2015",
      number         = "9",
      pages          = "094010",
      doi            = "10.1103/PhysRevD.92.094010",
      eprint         = "1507.02091",
      archivePrefix  = "arXiv",
      primaryClass   = "hep-ph",
      reportNumber   = "LU-TP-15-26, MCNET-15-16",
      SLACcitation   = "%%CITATION = ARXIV:1507.02091;%%"
}

@article{Gieseke:2012ft,
      author         = "Gieseke, Stefan and Rohr, Christian and Siodmok, Andrzej",
      title          = "{Colour reconnections in Herwig++}",
      journal        = "Eur. Phys. J.",
      volume         = "C72",
      year           = "2012",
      pages          = "2225",
      doi            = "10.1140/epjc/s10052-012-2225-5",
      eprint         = "1206.0041",
      archivePrefix  = "arXiv",
      primaryClass   = "hep-ph",
      reportNumber   = "MCNET-12-06, KA-TP-17-2012, MAN-HEP-2012-03",
      SLACcitation   = "%%CITATION = ARXIV:1206.0041;%%"
}

@inproceedings{Bierlich:2017ulc,
      author         = "Bierlich, Christian",
      title          = "{Colour reconnections in pp collisions}",
      booktitle      = "{Proceedings, Parton Radiation and Fragmentation from LHC
                        to FCC-ee: CERN, Geneva, Switzerland, November 22-23,
                        2016}",
      url            = "https://inspirehep.net/record/1513010/files/1512294_149-154.pdf",
      year           = "2017",
      pages          = "149-154",
      SLACcitation   = "%%CITATION = INSPIRE-1513010;%%"
}

@inproceedings{Sjostrand:2013cya,
      author         = "S{\H o}strand, Torbj{\H o}rn",
      title          = "{Colour reconnection and its effects on precise
                        measurements at the LHC}",
      url            = "https://inspirehep.net/record/1262718/files/arXiv:1310.8073.pdf",
      year           = "2013",
      eprint         = "1310.8073",
      archivePrefix  = "arXiv",
      primaryClass   = "hep-ph",
      reportNumber   = "LU-TP-13-37, MCNET-13-16",
      SLACcitation   = "%%CITATION = ARXIV:1310.8073;%%"
}

@article{Aad:2012fza,
      author         = "Aad, Georges and others",
      title          = "{Measurement of charged-particle event shape variables in
                        $\sqrt{s}=7$ TeV proton-proton interactions with the ATLAS
                        detector}",
      collaboration  = "ATLAS",
      journal        = "Phys. Rev.",
      volume         = "D88",
      year           = "2013",
      number         = "3",
      pages          = "032004",
      doi            = "10.1103/PhysRevD.88.032004",
      eprint         = "1207.6915",
      archivePrefix  = "arXiv",
      primaryClass   = "hep-ex",
      reportNumber   = "CERN-PH-EP-2012-178",
      SLACcitation   = "%%CITATION = ARXIV:1207.6915;%%"
}

@article{Wraight:2011ej,
      author         = "Wraight, Kenneth and Skands, Peter",
      title          = "{Forward-Backward Correlations and Event Shapes as probes
                        of Minimum-Bias Event Properties}",
      journal        = "Eur. Phys. J.",
      volume         = "C71",
      year           = "2011",
      pages          = "1628",
      doi            = "10.1140/epjc/s10052-011-1628-z",
      eprint         = "1101.5215",
      archivePrefix  = "arXiv",
      primaryClass   = "hep-ph",
      reportNumber   = "MCNET-11-02, CERN-PH-TH-2011-013, GLAS-PPE-2011-01",
      SLACcitation   = "%%CITATION = ARXIV:1101.5215;%%"
}

@article{Morsch:2014bka,
      author         = "Morsch, Andreas",
      title          = "{Multiple Parton Interactions with ALICE: from pp to
                        p-Pb}",
      booktitle      = "{Proceedings, 30th Winter Workshop on Nuclear Dynamics
                        (WWND 2014): Galveston, Texas, USA, April 6-12, 2014}",
      collaboration  = "ALICE",
      year           = "2014",
      doi            = "10.1088/1742-6596/535/1/012012",
      note           = "[J. Phys. Conf. Ser.535,012012(2014)]",
      eprint         = "1407.3628",
      archivePrefix  = "arXiv",
      primaryClass   = "nucl-ex",
      SLACcitation   = "%%CITATION = ARXIV:1407.3628;%%"
}

@article{Akesson:1983gi,
      author         = "Akesson, T. and others",
      title          = "{The Dominance of Jets at Large Transverse Energy in a
                        Full Azimuth Hadron Calorimeter at {ISR} Energies}",
      collaboration  = "Axial Field Spectrometer",
      journal        = "Phys. Lett.",
      volume         = "128B",
      year           = "1983",
      pages          = "354-360",
      doi            = "10.1016/0370-2693(83)90274-5",
      reportNumber   = "CERN-EP-83-71",
      SLACcitation   = "%%CITATION = PHLTA,128B,354;%%"
}

@article{Ansari:1987ig,
      author         = "Ansari, R. and others",
      title          = "{Jet Measures and Hadronic Event Shapes at the {CERN}
                        $\bar{p} p$ Collider}",
      collaboration  = "UA2",
      journal        = "Z. Phys.",
      volume         = "C36",
      year           = "1987",
      pages          = "175",
      doi            = "10.1007/BF01579132",
      reportNumber   = "CERN-EP/87-79",
      SLACcitation   = "%%CITATION = ZEPYA,C36,175;%%"
}

@article{Aaltonen:2011et,
      author         = "Aaltonen, T. and others",
      title          = "{Measurement of Event Shapes in Proton-Antiproton
                        Collisions at Center-of-Mass Energy 1.96 TeV}",
      collaboration  = "CDF",
      journal        = "Phys. Rev.",
      volume         = "D83",
      year           = "2011",
      pages          = "112007",
      doi            = "10.1103/PhysRevD.83.112007",
      eprint         = "1103.5143",
      archivePrefix  = "arXiv",
      primaryClass   = "hep-ex",
      reportNumber   = "FERMILAB-PUB-11-157-E",
      SLACcitation   = "%%CITATION = ARXIV:1103.5143;%%"
}

@article{Chekanov:2002xk,
      author         = "Chekanov, S. and others",
      title          = "{Measurement of event shapes in deep inelastic scattering
                        at HERA}",
      collaboration  = "ZEUS",
      journal        = "Eur. Phys. J.",
      volume         = "C27",
      year           = "2003",
      pages          = "531-545",
      doi            = "10.1140/epjc/s2003-01148-x",
      eprint         = "hep-ex/0211040",
      archivePrefix  = "arXiv",
      primaryClass   = "hep-ex",
      reportNumber   = "DESY-02-198",
      SLACcitation   = "%%CITATION = HEP-EX/0211040;%%"
}

@article{Achard:2002kv,
      author         = "Achard, P. and others",
      title          = "{Determination of $alpha_s$ from hadronic event shapes in
                        $e^{+} e^{-}$ annihilation at 192-GeV <= $\sqrt{s}$ <=
                        208-GeV}",
      collaboration  = "L3",
      journal        = "Phys. Lett.",
      volume         = "B536",
      year           = "2002",
      pages          = "217-228",
      doi            = "10.1016/S0370-2693(02)01814-2",
      eprint         = "hep-ex/0206052",
      archivePrefix  = "arXiv",
      primaryClass   = "hep-ex",
      reportNumber   = "CERN-EP-2002-015",
      SLACcitation   = "%%CITATION = HEP-EX/0206052;%%"
}

@article{Abdallah:2004xe,
      author         = "Abdallah, J. and others",
      title          = "{The Measurement of alpha(s) from event shapes with the
                        DELPHI detector at the highest LEP energies}",
      collaboration  = "DELPHI",
      journal        = "Eur. Phys. J.",
      volume         = "C37",
      year           = "2004",
      pages          = "1-23",
      doi            = "10.1140/epjc/s2004-01889-x",
      eprint         = "hep-ex/0406011",
      archivePrefix  = "arXiv",
      primaryClass   = "hep-ex",
      reportNumber   = "CERN-PH-EP-2004-007, CERN-EP-2004-007",
      SLACcitation   = "%%CITATION = HEP-EX/0406011;%%"
}

@article{Abelev:2012sk,
      author         = "Abelev, Betty and others",
      title          = "{Transverse sphericity of primary charged particles in
                        minimum bias proton-proton collisions at $\sqrt{s}=0.9$,
                        2.76 and 7 TeV}",
      collaboration  = "ALICE",
      journal        = "Eur. Phys. J.",
      volume         = "C72",
      year           = "2012",
      pages          = "2124",
      doi            = "10.1140/epjc/s10052-012-2124-9",
      eprint         = "1205.3963",
      archivePrefix  = "arXiv",
      primaryClass   = "hep-ex",
      reportNumber   = "CERN-PH-EP-2012-136",
      SLACcitation   = "%%CITATION = ARXIV:1205.3963;%%"
}

@article{Georgi:1977sf,
      author         = "Georgi, Howard and Machacek, Marie",
      title          = "{A Simple QCD Prediction of Jet Structure in e+ e-
                        Annihilation}",
      journal        = "Phys. Rev. Lett.",
      volume         = "39",
      year           = "1977",
      pages          = "1237",
      doi            = "10.1103/PhysRevLett.39.1237",
      reportNumber   = "HUTP-77-A058",
      SLACcitation   = "%%CITATION = PRLTA,39,1237;%%"
}

