%======== -o- Experimental Setup -o- ========
@article{Aamodt:2008zz,
      author         = "Aamodt, K. and others",
      title          = "{The ALICE experiment at the CERN LHC}",
      collaboration  = "ALICE",
      journal        = "JINST",
      volume         = "3",
      year           = "2008",
      pages          = "S08002",
      doi            = "10.1088/1748-0221/3/08/S08002",
      SLACcitation   = "%%CITATION = JINST,3,S08002;%%"
}

@article{Abelev:2014ffa,
      author         = "Abelev, Betty Bezverkhny and others",
      title          = "{Performance of the ALICE Experiment at the CERN LHC}",
      collaboration  = "ALICE",
      journal        = "Int. J. Mod. Phys.",
      volume         = "A29",
      year           = "2014",
      pages          = "1430044",
      doi            = "10.1142/S0217751X14300440",
      eprint         = "1402.4476",
      archivePrefix  = "arXiv",
      primaryClass   = "nucl-ex",
      reportNumber   = "CERN-PH-EP-2014-031",
      SLACcitation   = "%%CITATION = ARXIV:1402.4476;%%"
}

@article{Dellacasa:1999kf,
      author         = "Dellacasa, G. and others",
      title          = "{ALICE technical design report of the inner tracking
                        system (ITS)}",
      collaboration  = "ALICE",
      year           = "1999",
      reportNumber   = "CERN-LHCC-99-12",
      SLACcitation   = "%%CITATION = CERN-LHCC-99-12;%%"
}

@article{Aamodt:2010aa,
      author         = "Aamodt, K and others",
      title          = "{Alignment of the ALICE Inner Tracking System with
                        cosmic-ray tracks}",
      collaboration  = "ALICE",
      journal        = "JINST",
      volume         = "5",
      year           = "2010",
      pages          = "P03003",
      doi            = "10.1088/1748-0221/5/03/P03003",
      eprint         = "1001.0502",
      archivePrefix  = "arXiv",
      primaryClass   = "physics.ins-det",
      SLACcitation   = "%%CITATION = ARXIV:1001.0502;%%"
}

@article{ALICE:2011aa,
      author         = "Abelev, B. and others",
      title          = "{Measurement of charm production at central rapidity in
                        proton-proton collisions at $\sqrt{s} = 7$ TeV}",
      collaboration  = "ALICE",
      journal        = "JHEP",
      volume         = "01",
      year           = "2012",
      pages          = "128",
      doi            = "10.1007/JHEP01(2012)128",
      eprint         = "1111.1553",
      archivePrefix  = "arXiv",
      primaryClass   = "hep-ex",
      reportNumber   = "CERN-PH-EP-2011-181",
      SLACcitation   = "%%CITATION = ARXIV:1111.1553;%%"
}

@article{Fruhwirth:1987fm,
      author         = "Fruhwirth, R.",
      title          = "{Application of Kalman filtering to track and vertex
                        fitting}",
      journal        = "Nucl. Instrum. Meth.",
      volume         = "A262",
      year           = "1987",
      pages          = "444-450",
      doi            = "10.1016/0168-9002(87)90887-4",
      reportNumber   = "HEPHY-PUB-87-503",
      SLACcitation   = "%%CITATION = NUIMA,A262,444;%%"
}

@article{Dellacasa:2000bm,
      author         = "Dellacasa, G. and others",
      title          = "{ALICE: Technical design report of the time projection
                        chamber}",
      collaboration  = "ALICE",
      year           = "2000",
      reportNumber   = "CERN-OPEN-2000-183, CERN-LHCC-2000-001",
      SLACcitation   = "%%CITATION = CERN-OPEN-2000-183;%%"
}

@article{Alme:2010ke,
      author         = "Alme, J. and others",
      title          = "{The ALICE TPC, a large 3-dimensional tracking device
                        with fast readout for ultra-high multiplicity events}",
      journal        = "Nucl. Instrum. Meth.",
      volume         = "A622",
      year           = "2010",
      pages          = "316-367",
      doi            = "10.1016/j.nima.2010.04.042",
      eprint         = "1001.1950",
      archivePrefix  = "arXiv",
      primaryClass   = "physics.ins-det",
      SLACcitation   = "%%CITATION = ARXIV:1001.1950;%%"
}

@article{Akindinov:2013tea,
      author         = "Akindinov, A. and others",
      title          = "{Performance of the ALICE Time-Of-Flight detector at the
                        LHC}",
      journal        = "Eur. Phys. J. Plus",
      volume         = "128",
      year           = "2013",
      pages          = "44",
      doi            = "10.1140/epjp/i2013-13044-x",
      SLACcitation   = "%%CITATION = EPHJP,128,44;%%"
}

@article{Abbas:2013taa,
      author         = "Abbas, E. and others",
      title          = "{Performance of the ALICE VZERO system}",
      collaboration  = "ALICE",
      journal        = "JINST",
      volume         = "8",
      year           = "2013",
      pages          = "P10016",
      doi            = "10.1088/1748-0221/8/10/P10016",
      eprint         = "1306.3130",
      archivePrefix  = "arXiv",
      primaryClass   = "nucl-ex",
      reportNumber   = "CERN-PH-EP-2013-082",
      SLACcitation   = "%%CITATION = ARXIV:1306.3130;%%"
}

@article{Abelev:2012sea,
      author         = "Abelev, Betty and others",
      title          = "{Measurement of inelastic, single- and double-diffraction
                        cross sections in proton--proton collisions at the LHC
                        with ALICE}",
      collaboration  = "ALICE",
      journal        = "Eur. Phys. J.",
      volume         = "C73",
      year           = "2013",
      number         = "6",
      pages          = "2456",
      doi            = "10.1140/epjc/s10052-013-2456-0",
      eprint         = "1208.4968",
      archivePrefix  = "arXiv",
      primaryClass   = "hep-ex",
      reportNumber   = "CERN-PH-EP-2012-138 [SIC!], CERN-PH-EP-2012-238,
                        CERN-PH-EP-2012-138",
      SLACcitation   = "%%CITATION = ARXIV:1208.4968;%%"
}
