%======== -o- D0-meson Reconstruction and Selections -o- ========

@article{ALICE:2011aa,
      author         = "Abelev, B. and others",
      title          = "{Measurement of charm production at central rapidity in
                        proton-proton collisions at $\sqrt{s} = 7$ TeV}",
      collaboration  = "ALICE",
      journal        = "JHEP",
      volume         = "01",
      year           = "2012",
      pages          = "128",
      doi            = "10.1007/JHEP01(2012)128",
      eprint         = "1111.1553",
      archivePrefix  = "arXiv",
      primaryClass   = "hep-ex",
      reportNumber   = "CERN-PH-EP-2011-181",
      SLACcitation   = "%%CITATION = ARXIV:1111.1553;%%"
}

@article{Aamodt:2011zj,
      author         = "Aamodt, K. and others",
      title          = "{Production of pions, kaons and protons in $pp$
                        collisions at $\sqrt{s}= 900$ GeV with ALICE at the LHC}",
      collaboration  = "ALICE",
      journal        = "Eur. Phys. J.",
      volume         = "C71",
      year           = "2011",
      pages          = "1655",
      doi            = "10.1140/epjc/s10052-011-1655-9",
      eprint         = "1101.4110",
      archivePrefix  = "arXiv",
      primaryClass   = "hep-ex",
      reportNumber   = "CERN-PH-EP-2010-085",
      SLACcitation   = "%%CITATION = ARXIV:1101.4110;%%"
}

@article{Aamodt:2008zz,
      author         = "Aamodt, K. and others",
      title          = "{The ALICE experiment at the CERN LHC}",
      collaboration  = "ALICE",
      journal        = "JINST",
      volume         = "3",
      year           = "2008",
      pages          = "S08002",
      doi            = "10.1088/1748-0221/3/08/S08002",
      SLACcitation   = "%%CITATION = JINST,3,S08002;%%"
}

@article{Acharya:2017jgo,
      author         = "Acharya, Shreyasi and others",
      title          = "{Measurement of D-meson production at mid-rapidity in pp
                        collisions at $\mathbf{\sqrt{s}=7}$ TeV}",
      collaboration  = "ALICE",
      year           = "2017",
      eprint         = "1702.00766",
      archivePrefix  = "arXiv",
      primaryClass   = "hep-ex",
      reportNumber   = "CERN-EP-2017-020",
      SLACcitation   = "%%CITATION = ARXIV:1702.00766;%%"
}